3075 5392
1333 579 1402 637 31

425 789 667 870 putavit3
713 809 744 845 a
783 805 1020 865 quorum
1061 786 1333 845 sententia
1374 805 1474 845 cur
1514 783 1831 846 dissentiam
1870 800 1925 846 et
1952 785 2317 846 Schiinbecko

427 901 779 972 adhaeream,
841 919 963 959 cam
1025 919 1056 958 a
1117 897 1434 978 posterioris
1469 899 1592 959 aevi
1632 898 1997 978 grammaticis
2036 897 2319 979 vulgatam

427 1034 542 1074 esse
581 1013 854 1093 suspicato
873 1053 891 1085 ,
933 1008 1099 1070 docui
1139 1032 1197 1092 p.
1215 1008 1356 1070 258.
1418 1011 1684 1091 Negatum
1724 1024 1909 1070 autem
1946 1023 2003 1069 ct
2040 1032 2073 1069 a
2104 1023 2158 1069 te
2198 1023 2249 1069 et
2286 1031 2320 1068 a

429 1125 670 1185 Beckero
711 1123 906 1197 video,
947 1121 1154 1183 binas
1185 1121 1466 1182 Luciliaui
1493 1124 1675 1204 operis
1692 1135 1877 1205 partes
1896 1123 2043 1182 suis
2075 1122 2323 1182 titulis

430 1237 725 1318 insignitas
751 1218 937 1296 fuisse.
981 1234 1150 1310 Quod
1185 1233 1292 1295 tibi
1328 1234 1510 1295 videri
1550 1234 1775 1308 debuit,
1816 1234 2149 1297 divisionem
2168 1234 2324 1294 ulam

429 1369 547 1408 non
589 1348 936 1430 agnoscenti5
981 1347 1069 1408 illi
1109 1346 1422 1427 displicuit,
1482 1348 1615 1427 quia
1655 1349 1807 1406 inter
1843 1348 2089 1428 primum
2126 1360 2181 1407 et
2220 1345 2327 1406 de-

430 1462 636 1521 cimum
677 1473 895 1520 sextum
933 1459 1144 1518 librum
1175 1459 1446 1536 interjecti
1479 1457 1753 1518 librorum
1783 1457 1931 1518 tituli
1960 1459 2325 1540 reperiantur.

431 1571 706 1652 Equidem
735 1593 793 1653 p.
831 1570 976 1645 254,
1020 1571 1143 1631 255
1183 1591 1286 1631 nec
1327 1572 1526 1652 negavi
1566 1592 1672 1630 nec
1712 1571 1989 1632 affirmavi
2003 1615 2021 1645 ,
2060 1591 2187 1632 suos
2204 1573 2328 1632 sin-

432 1685 578 1766 gulis
636 1682 798 1743 libris
855 1683 1048 1743 titulos
1107 1684 1306 1758 fuisse,
1359 1681 1458 1742 sed
1513 1683 1743 1742 miratus
1803 1705 1954 1758 sum,
2014 1704 2114 1745 cur
2152 1705 2183 1744 e
2222 1685 2331 1744 tri-

432 1799 583 1879 ginta
623 1797 800 1856 titulis
839 1809 1052 1878 praeter
1090 1795 1206 1856 duo
1245 1815 1593 1870 communes,
1634 1795 1890 1854 Deorum
1930 1798 2237 1856 concilium
2272 1809 2329 1856 et

438 1909 734 1988 Collyram
746 1953 764 1984 ‚
803 1929 950 1968 unus
975 1921 1192 1968 tantum
1232 1922 1478 1971 servatus
1519 1909 1589 1968 sit
1630 1909 1867 1968 For-nix.
1908 1911 2026 1970 Vos
2054 1931 2185 1972 vero
2204 1909 2329 1992 plu·

435 2043 524 2083 τω
538 2035 697 2082 notos
736 2041 850 2081 esse
889 2021 1168 2082 statuistis.
1210 2024 1290 2080 Ac
1331 2020 1543 2081 Becker
1580 2020 1809 2101 quidem
1848 2023 1995 2082 tertii
2036 2021 2169 2081 libri
2198 2023 2329 2082 titu-

437 2135 558 2196 lum
615 2135 760 2194 iter‘
793 2136 873 2193 od
913 2137 1159 2210 fretum
1221 2133 1492 2192 Siculum
1540 2133 1734 2207 habet,
1784 2155 1949 2212 quem
1991 2136 2329 2211 ὁδοιπορικὴν

437 2247 640 2308 Lersch
681 2245 1000 2327 appellavit.
1042 2246 1198 2306 Mera
1237 2245 1372 2305 haec
1411 2246 1651 2326 suspicio
1690 2259 1797 2320 est,
1836 2267 1941 2306 uec
1974 2249 2083 2308 nisi
2102 2248 2331 2309 credulo

439 2359 782 2442 probabitur.
823 2358 1055 2418 Librum
1087 2379 1300 2417 nonum
1327 2357 1823 2439 orthographiam
1850 2358 2181 2441 inscriptum
2194 2362 2333 2428 fuis·

440 2488 524 2542 se,
565 2467 786 2545 utrique
825 2479 1065 2527 vestrum
1105 2466 1579 2547 persuasissimum
1616 2479 1709 2526 est.
1752 2467 1941 2527 Velim
1980 2469 2117 2528 scire
2136 2513 2153 2543 ,
2194 2468 2335 2549 quid
2413 2544 2415 2547 Ι

443 2577 669 2639 suadeat
707 2578 800 2639 vel
839 2575 1176 2658 persuadeat.
1259 2578 1400 2636 Nam
1440 2575 1643 2636 Isidori
1684 2577 1867 2638 locum
1888 2623 1901 2649 ,
1942 2601 2107 2658 quem
2146 2583 2332 2642 Dousa

443 2693 505 2752 in
565 2691 706 2750 noni
763 2688 898 2748 libri
957 2690 1136 2770 capite
1194 2689 1378 2769 posuit
1402 2733 1420 2763 ,
1479 2690 1679 2748 frustra
1738 2694 1923 2769 quaeri
1976 2693 2337 2757 animadver-

443 2801 610 2861 timus
668 2822 727 2882 p.
791 2799 908 2860 152
921 2843 941 2874 ,
1003 2799 1136 2861 172.
1234 2801 1524 2860 Terentius
1584 2801 1821 2861 Scaurus
1860 2825 2035 2882 quum
2074 2827 2131 2886 p.
2170 2806 2345 2867 2255-

446 2911 621 2974 dicat:
665 2936 696 2968 α
717 2947 798 2958 --
817 2911 970 2972 unde
1009 2912 1172 2972 etiam
1211 2912 1464 2972 Lucilius
1504 2913 1569 2972 iu
1602 2913 1689 2973 IX
1722 2928 2047 2997 satyrarum,
2066 2915 2139 2978 de
2154 2919 2338 2980 ortho-

445 3024 674 3106 graphia
733 3025 1075 3106 praecipiens
1090 3067 1108 3099 ,
1163 3024 1245 3084 ait
1284 3059 1366 3070 --
1383 3049 1416 3083 >i
1476 3047 1595 3086 non
1649 3047 1781 3088 sanc
1816 3027 2071 3090 disertius
2108 3032 2339 3093 titulum

446 3151 712 3198 memorat
728 3181 748 3212 ‚
786 3157 952 3216 quam
975 3136 1166 3197 Velius
1183 3136 1408 3219 Longus
1424 3157 1481 3218 p.
1507 3136 1697 3198 2214:
1744 3161 1775 3195 t<
1788 3175 1870 3188 —-
1887 3140 2041 3223 apud
2056 3143 2337 3204 Lucilium

447 3251 514 3311 in
553 3249 642 3310 IX
679 3250 768 3332 (in
805 3271 916 3327 quo
945 3247 1018 3309 de
1055 3249 1230 3310 literis
1266 3247 1538 3332 disputat)
1554 3283 1651 3310 --.
1670 3277 1701 3310 π
1742 3253 1894 3312 Patet
1924 3254 2073 3313 enim
2088 3299 2103 3324 ,
2144 3255 2339 3316 eodem

440 3363 572 3441 jure
589 3359 1017 3443 disputationum
1035 3363 1105 3421 de
1123 3364 1318 3422 literis
1333 3385 1396 3424 ac
1417 3377 1707 3445 praecepta
1724 3366 1793 3424 de
1805 3366 2341 3450 orthographiapos-

450 3495 508 3534 se
537 3473 762 3533 titulum
789 3475 928 3533 fleri.
969 3473 1136 3550 Quod
1167 3495 1298 3535 vero
1328 3474 1478 3535 idem
1496 3499 1554 3558 p.
1575 3477 1740 3538 2227
1760 3479 2060 3560 scripserit:
2086 3503 2116 3537 u
2137 3515 2219 3528 --
2236 3501 2341 3540 nec

451 3586 608 3647 aliter
637 3586 792 3667 apud
821 3585 1104 3646 Lucilium
1131 3587 1333 3668 legitur
1357 3589 1422 3646 in
1452 3591 1855 3670 praepositione
1884 3613 2006 3673 per:
2050 3594 2103 3653 L
2138 3597 2343 3654 Emm—

451 3699 524 3756 do
551 3731 634 3744 —-
663 3705 1028 3778 congeminat
1059 3699 1236 3758 L--»
1277 3700 1404 3778 quis
1427 3713 1480 3760 te
1503 3700 1693 3762 credat
1718 3705 1859 3764 serio
1882 3718 2127 3784 putasse,
2162 3705 2227 3767 id
2258 3729 2345 3768 ar-

453 3822 712 3890 gumento
749 3829 890 3882 esse,
927 3830 1046 3870 non
1081 3811 1210 3869 totis
1245 3809 1410 3871 libris
1427 3811 1618 3871 titulos
1636 3816 1959 3875 convenisse
1974 3817 2004 3874 ἱ)
2045 3818 2173 3878 Nou
2190 3822 2343 3881 enim

453 3921 552 3982 hic
580 3920 806 3982 titulum
833 3941 1097 4002 agnosco,
1135 3920 1236 3982 sed
1273 3921 1518 3984 indicem
1528 3968 1549 3998 ‚
1588 3946 1623 3984 a
1654 3925 1818 3985 Velio
1856 3926 2200 4004 adhibitum,
2229 3952 2343 4010 quo

452 4033 718 4116 longioris
749 4035 944 4094 satirae
975 4034 1162 4095 locum
1179 4034 1522 4097 commodius
1552 4036 1842 4098 indicaret.
1882 4039 2098 4100 Similia
2117 4042 2347 4104 fortasse

454 4144 520 4204 in
559 4146 880 4227 fragmentis
937 4147 1058 4224 ejus
1109 4145 1244 4206 libri
1293 4147 1530 4208 aliarum
1586 4151 2053 4230 praepositionum
2090 4155 2345 4237 exempla

453 4269 687 4318 exstant.
771 4259 996 4318 Prorsus
1033 4255 1225 4318 eadem
1263 4260 1402 4320 ratio
1441 4273 1517 4319 est
1563 4281 1749 4321 eorum
1792 4261 2063 4325 librorum
2079 4310 2097 4340 ,
2140 4267 2345 4347 quibus
