3075 5392
1604 554 1621 566 ’
1715 583 1753 646 2

809 791 1050 872 primum
1109 812 1194 856 me
1253 789 1326 850 ad
1376 787 1671 872 legendum
1708 786 1869 861 dedi,
1908 786 2192 867 obstupui,
2234 793 2675 864 argumentorum

810 913 1063 982 stragem,
1129 899 1457 982 opinionum
1493 912 1549 959 et
1586 899 1938 961 inventorum
1975 895 2367 968 vastationem,
2406 894 2676 970 conjectu-

808 1033 995 1072 rarum
1048 1032 1220 1094 prope
1255 1010 1688 1070 internecionem
1726 1007 1920 1068 dolens
1931 1053 1949 1083 ‚
2001 1025 2129 1080 nec,
2175 1006 2299 1085 quis
2336 1023 2506 1063 essem
2525 1044 2544 1074 ,
2584 1010 2681 1059 aut

809 1141 949 1200 quae
986 1121 1338 1201 suscepissem
1376 1141 1643 1200 aususque
1682 1139 1880 1194 essem,
1922 1116 2175 1178 sciebam.
2256 1115 2368 1176 Nec
2406 1111 2559 1172 cessit
2584 1109 2681 1170 ille

810 1233 997 1305 dolor,
1057 1248 1110 1294 et
1167 1256 1298 1294 vero
1347 1235 1551 1294 mansit
1598 1234 1773 1293 animi
1824 1232 2019 1293 incerti
2079 1243 2250 1290 status
2258 1274 2275 1302 ,
2320 1225 2559 1286 nominis
2595 1223 2682 1284 tui

811 1350 1127 1409 auctoritate
1165 1350 1444 1431 ipsiusque
1483 1348 1744 1408 orationis
1782 1359 1906 1406 tuae
1926 1390 1945 1422 ,
1994 1347 2057 1406 in
2088 1363 2283 1424 magna
2316 1340 2575 1422 gravitate
2612 1337 2685 1398 ri·

814 1459 990 1520 diculi
1029 1463 1262 1544 speciem
1300 1475 1396 1521 aut
1429 1459 1713 1543 prodentis
1744 1478 2150 1539 nonnunquam
2187 1467 2279 1516 aut
2317 1473 2471 1535 aegre
2488 1471 2685 1513 caven·

813 1573 884 1633 tis
896 1617 914 1648 ‚
955 1587 1140 1632 tenore
1179 1573 1545 1632 confirmatus.
1600 1569 1936 1644 Accedebat,
1976 1567 2126 1650 quod
2147 1566 2383 1627 multum
2413 1563 2686 1646 disparem

815 1683 1137 1742 nostratium
1175 1681 1244 1742 de
1283 1678 1428 1742 libro
1467 1702 1589 1742 meo
1628 1681 1951 1742 sententiam
1980 1700 2365 1761 cognoveram,
2404 1698 2468 1737 ac
2484 1676 2689 1763 fuerat,

817 1793 916 1874 qui
955 1815 1042 1854 me
1072 1795 1234 1854 etiam
1272 1792 1437 1853 laude
1477 1806 1733 1854 ornatum
1752 1837 1769 1866 ,
1809 1805 1869 1852 ut
1908 1793 1970 1852 in
2007 1788 2331 1871 colligendis
2352 1786 2687 1866 edendisque

819 1903 1020 1963 Lucilii
1069 1909 1258 1984 poetae
1308 1901 1557 1983 reliquiis
1585 1923 1749 1983 porro
1784 1922 2005 1983 operam
2032 1921 2292 1982 ponerem
2328 1911 2382 1958 et
2408 1895 2691 1958 communi

816 2014 1090 2077 desiderio
1128 2016 1433 2076 satisfacere
1469 2036 1721 2089 conarer,
1762 2016 2081 2076 hortaretur.
2122 2013 2238 2096 Ego
2275 2012 2526 2094 quamvis
2562 2009 2692 2071 doc-

819 2125 864 2184 ti
923 2125 1032 2185 viri
1063 2123 1308 2204 judicio,
1372 2136 1432 2184 ut
1467 2145 1571 2204 par
1606 2137 1745 2194 erat,
1796 2121 2137 2196 diffiderem,
2178 2121 2470 2181 consilium
2506 2133 2691 2180 tamen

819 2235 939 2312 ejus
976 2233 1138 2293 facile
1176 2233 1470 2314 probatum
1505 2246 1787 2293 secuturus
1815 2254 1980 2293 eram.
2021 2232 2175 2293 Nosti
2205 2245 2387 2292 autem
2406 2232 2693 2313 ingenium

824 2339 1162 2416 humanum,
1223 2362 1256 2399 a
1303 2341 1456 2401 tenui
1507 2361 1633 2423 spe,
1692 2353 1747 2400 at
1802 2339 1953 2422 haud
2002 2338 2262 2400 mediocri
2316 2339 2594 2401 voluntate
2630 2359 2695 2399 ao

826 2447 1010 2509 studio
1045 2469 1204 2529 saepe
1242 2469 1414 2529 parvo
1445 2461 1721 2510 momento
1758 2447 1831 2508 ad
1862 2451 2119 2528 majorem
2150 2448 2437 2509 audaciam
2472 2463 2527 2510 et
2564 2469 2694 2509 con·

829 2558 1118 2621 fidentiam
1146 2560 1408 2640 proclive.
1488 2562 1616 2622 Jam
1654 2573 1779 2622 ante
1808 2560 1981 2621 multa
2011 2559 2413 2642 disposueram,
2452 2573 2697 2623 tentave-

831 2696 978 2750 ram,
1017 2673 1330 2735 emendasse
1369 2673 1508 2734 mihi
1548 2675 1699 2736 visus
1734 2693 1883 2734 eram
1915 2672 2117 2734 Lucilii
2148 2673 2481 2756 fragmenta,
2518 2695 2699 2753 neque

832 2806 962 2845 vero
1012 2787 1248 2867 ignavus
1297 2785 1511 2844 fueram
1550 2785 1613 2843 in
1651 2782 2051 2864 perlustrandis
2080 2780 2561 2862 dijudicandisque
2597 2803 2703 2843 va·-

831 2894 1040 2955 riarum
1060 2894 1474 2954 annotationum
1495 2893 1697 2975 copiis,
1734 2913 1875 2972 quae
1903 2891 1979 2952 ad
1997 2891 2324 2954 illustranda
2342 2899 2531 2974 poetae
2550 2893 2705 2973 frag-

837 3015 1023 3062 menta
1059 3004 1236 3062 facere
1265 3017 1531 3084 poterant.
1586 3003 1679 3062 Sat
1708 3003 1878 3084 igitur
1912 3001 2171 3084 praesidii
2200 3016 2361 3083 atque
2400 3001 2704 3082 adjumenti

833 3119 952 3194 jam
993 3130 1185 3176 nactus
1225 3116 1365 3176 mihi
1417 3115 1677 3192 videbar,
1735 3129 1798 3176 ut
1836 3115 1987 3196 quod
2023 3117 2381 3198 occoepissem
2420 3129 2580 3196 atque
2618 3135 2706 3176 me

841 3227 1057 3288 animus
1085 3226 1335 3306 juberet,
1391 3227 1706 3309 perficerem
1745 3226 2061 3308 aliquando.
2111 3229 2319 3289 Verum
2339 3271 2356 3301 ,
2396 3228 2532 3288 haec
2570 3225 2707 3288 dum

841 3338 1102 3420 parabam
1123 3382 1139 3409 ,
1179 3340 1500 3420 supervenit
1535 3339 1764 3420 epistola
1802 3353 1892 3400 tua
1906 3383 1925 3415 ,
1956 3339 2160 3400 laetum
2189 3340 2463 3400 nuncium
2496 3340 2679 3400 ferens
2692 3385 2710 3414 ,

843 3451 1122 3532 ingentem
1157 3450 1236 3512 rei
1269 3451 1725 3531 exspectationem
1754 3471 2008 3525 movens,
2036 3464 2091 3510 et
2121 3451 2183 3510 in
2218 3451 2521 3533 praesentia
2550 3448 2715 3530 quid·

843 3584 1010 3642 quam
1057 3563 1308 3644 persequi
1355 3577 1565 3625 vetans.
1646 3564 1835 3642 Itaque
1883 3577 1945 3623 tu
1984 3562 2296 3624 audiendus
2334 3578 2477 3642 erat3
2518 3580 2683 3644 quem·
2696 3609 2713 3638 ,

847 3686 909 3733 ut
965 3673 1246 3754 promissis
1305 3673 1508 3734 stetisse
1575 3673 1825 3733 intellexi
1838 3715 1857 3748 ,
1934 3671 2126 3734 audivi
2186 3685 2459 3734 contracta
2503 3687 2685 3735 mente
2697 3718 2716 3751 ‚

849 3789 1031 3848 fronte
1061 3787 1414 3848 subobscura.
1475 3788 1589 3847 Nec
1618 3787 1852 3864 mirum3
1896 3787 2102 3869 quippe
2140 3807 2231 3858 ea,
2270 3807 2409 3867 quae
2432 3788 2561 3848 satis
2592 3786 2716 3848 diu·

850 3914 1015 3964 turno
1043 3901 1300 3983 temporis
1319 3901 1491 3982 spatio
1523 3898 1717 3960 sedulo
1736 3900 2141 3962 elaboraveram
2152 3943 2171 3976 ,
2212 3903 2467 3977 ἀκρισίας
2491 3899 2718 3962 damna·

850 4031 934 4092 ta,
991 4017 1138 4079 vitae
1182 4015 1499 4075 Lucilianae
1527 4016 1709 4096 capita
1744 4013 1817 4074 ad
1850 4036 2030 4075 unum
2058 4015 2245 4074 omnia
2285 4013 2596 4096 reprobata,
2636 4035 2721 4076 ce-

853 4128 982 4188 teris
1034 4127 1137 4190 vix
1187 4125 1360 4186 ullam
1406 4146 1566 4188 verae
1615 4125 2027 4206 approbationis
2082 4124 2317 4206 speciem
2374 4121 2722 4203 adjunctam,

848 4240 1060 4316 verbo,
1114 4238 1441 4323 opusculum
1497 4259 1680 4300 meum
1715 4237 1845 4320 ‘plus
1883 4235 2113 4298 dimidia
2163 4249 2317 4318 parte
2354 4235 2723 4318 improbatum
