3075 5392
1337 545 1415 604 33

433 760 809 842 cognovissem
823 802 840 833 ,
884 769 1158 840 praeterea
1198 767 1496 828 constaret,
1537 753 1752 814 librum
1789 773 2000 812 nonum
2035 751 2327 833 praecipue

436 876 495 932 iu
534 871 923 954 orthographia
962 882 1235 930 versatum
1270 889 1386 927 esse
1406 911 1424 942 ,
1484 867 1726 926 maxime
1766 877 2195 924 consentancum
2234 886 2328 922 ar-

435 986 684 1047 bitrabar
722 1005 861 1060 esse,
920 982 997 1042 ad
1032 982 1231 1042 harum
1267 1001 1450 1040 rerum
1489 978 1744 1062 notitiam
1783 976 1987 1036 Lucilii
2035 977 2328 1034 Fornicem

438 1112 723 1181 spectasse.
825 1097 1016 1174 Itaque
1071 1092 1307 1153 fidenter
1365 1092 1558 1172 scripsi
1617 1103 1669 1150 et
1725 1089 1862 1149 noni
1911 1088 2045 1147 libri
2105 1087 2331 1147 titulum

438 1211 728 1270 Fornicem
766 1207 937 1266 fuisse
974 1204 1305 1264 existimavi.
1408 1204 1563 1277 Quae
1622 1201 1762 1261 ratio
1799 1199 1904 1259 tibi
1944 1199 2174 1258 omnino
2214 1219 2332 1257 non

439 1321 729 1390 satisfecit,
768 1319 907 1378 falso
943 1318 1189 1398 primum
1225 1313 1692 1376 animadvertenti
1706 1358 1724 1387 ,
1765 1314 1904 1374 noni
1941 1312 2076 1372 libri
2109 1312 2334 1371 titulum

438 1431 914 1512 orthographiam
972 1439 1251 1502 constare,
1318 1429 1413 1506 qui
1457 1427 1696 1488 multum
1735 1426 1888 1488 abest
1929 1439 1992 1486 ut
2029 1447 2192 1486 verus
2231 1425 2301 1484 sit
2311 1447 2331 1500 3

439 1558 561 1606 tum
600 1544 824 1626 neganti
862 1544 925 1602 in
966 1540 1239 1604 vocabulo
1274 1545 1497 1618 fornia·
1549 1539 1889 1620 quidquam,
1949 1539 2102 1621 quod
2138 1539 2212 1599 ad
2251 1560 2338 1599 or·

442 1655 828 1738 thographiam
868 1655 1133 1714 referatur
1151 1699 1169 1730 ,
1229 1655 1424 1714 inesse.
1498 1655 1622 1712 Hoc
1663 1674 1856 1714 verum
1895 1675 2007 1713 esse
2048 1656 2311 1713 assentior
2317 1677 2334 1729 3

440 1791 800 1852 quamquam,
827 1790 995 1850 quam
1025 1791 1227 1852 parum
1265 1769 1401 1828 hinc
1439 1769 1730 1850 probetur,
1773 1769 1918 1828 nihil
1950 1769 2088 1849 fingi
2127 1789 2160 1827 a
2198 1769 2341 1827 face·

392 1962 401 1972 .
440 1885 651 1944 tissimo
706 1889 867 1964 poeta
918 1883 1188 1964 potuisse,
1246 1903 1357 1960 quo
1401 1904 1586 1941 rerum
1639 1903 1788 1942 mere
1836 1883 2343 1964 grammaticarum,

448 2018 551 2056 nec
592 1996 747 2076 poesi
782 1993 1340 2053 accommodatior-um
1390 2015 1558 2072 quam
1597 1994 1867 2053 lectorum
1900 1993 2204 2073 voluptati,
2257 1991 2344 2052 le-

446 2121 599 2168 varet
638 2107 963 2177 satietatem,
1006 2117 1200 2186 sponte
1252 2105 1430 2164 cuivis
1470 2104 1816 2184 intelligitur.
1901 2103 2014 2163 Sed
2050 2103 2160 2163 alia
2207 2105 2340 2162 item

446 2219 661 2296 objicis.
746 2217 967 2298 Quippe
1007 2219 1120 2290 εἰς,
1163 2215 1283 2296 pari
1316 2217 1445 2294 jure
1496 2236 1584 2274 me
1621 2216 1860 2297 potuisse
1900 2217 2038 2275 noni
2076 2215 2210 2274 libri
2249 2237 2345 2275 ar-

451 2341 713 2410 gumento
754 2326 1098 2402 adscribere,
1136 2348 1278 2406 quae
1310 2325 1463 2410 apud
1494 2329 1808 2389 Arnohium
1849 2326 1922 2388 de
1961 2331 2252 2388 rhetorica
2292 2342 2348 2388 et

448 2443 753 2500 dialectiea
810 2453 1143 2519 sequuntur,
1198 2453 1360 2519 atque
1417 2439 1806 2522 adscripserim
1825 2487 1844 2515 ,
1897 2463 2038 2521 quae
2091 2442 2344 2500 Fornicis

457 2553 792 2612 mentionem
813 2565 1223 2632 praecesserunt
1242 2551 1315 2611 ad
1328 2561 1788 2633 grammaticam
1808 2556 2157 2634 pertinentia.
2179 2555 2348 2634 Equi·

454 2665 579 2724 dem
646 2663 889 2744 insipide
942 2686 1029 2722 me
1082 2666 1359 2728 facturum
1415 2665 1586 2726 fuisse
1639 2668 1894 2726 existimo
1905 2690 1921 2741 3
2001 2667 2147 2726 nihil
2197 2669 2349 2727 enim

452 2799 639 2836 eorum
656 2823 673 2852 ,
714 2797 853 2856 quae
894 2789 1017 2858 post
1059 2791 1433 2838 memorantur
1473 2777 1545 2836 ab
1568 2779 1848 2854 Arnohio,
1888 2778 2038 2860 apud
2071 2780 2349 2840 Lucilium

452 2893 513 2951 in
568 2913 720 2950 nouo
778 2903 988 2949 exstare
1041 2889 1234 2967 vide03
1291 2891 1441 2950 nihil
1501 2888 1574 2950 de
1633 2891 2152 2963 constitutionibuS,
2209 2912 2352 2971 quae

454 3017 587 3064 sunt
628 3006 687 3062 in
731 3003 953 3076 litibus,
994 3001 1065 3062 de
1106 3025 1396 3066 causarum
1438 3017 1493 3063 et
1533 3003 1847 3065 dictionum
1887 3004 2184 3084 generibus
2202 3050 2218 3078 ,
2278 3002 2350 3064 de

455 3139 650 3198 genere
702 3137 767 3175 ac
820 3117 1031 3198 specie,
1084 3115 1231 3174 nihil
1282 3113 1525 3193 denique
1581 3115 1650 3174 de
1705 3117 1943 3198 oppositi
1995 3130 2048 3175 et
2088 3117 2348 3177 contrarii

456 3229 795 3289 discrimine.
880 3229 1082 3286 Contra
1136 3249 1265 3286 vero
1316 3228 1612 3288 verborum
1667 3249 1770 3300 per
1811 3241 2054 3308 tempora
2095 3227 2350 3288 declina-

457 3343 625 3400 tionis
664 3341 983 3422 exemplum
1024 3339 1203 3398 babeo
1244 3339 1361 3412 IX,
1406 3339 1507 3398 14:

458 3451 706 3510 Fervit
734 3473 889 3531 aqua
919 3455 1524 3530 etservot,·servit
1547 3456 1982 3530 nun0,fervet
2013 3455 2354 3530 adannum,

463 3579 518 3624 et
556 3563 769 3646 duplex
811 3563 969 3624 aliud
1009 3565 1300 3625 nominum
1352 3585 1451 3646 per
1491 3583 1648 3624 casus
1691 3563 2108 3636 declinationiS,
2151 3565 2270 3639 IX,
2311 3565 2351 3625 6

455 3691 515 3738 et
568 3679 643 3752 7,
703 3675 1165 3756 referentiumque
1218 3675 1442 3750 eodem,
1516 3676 1672 3754 quod
1722 3676 2104 3752 Quintilianus
2164 3677 2220 3748 1,
2278 3677 2353 3738 13

460 3791 664 3852 Lucilii
705 3803 1055 3872 praeceptum
1096 3791 1447 3864 memoravit,
1500 3789 1654 3869 quod
1694 3791 1824 3869 quia
1865 3790 2124 3870 pluribus
2166 3791 2356 3871 expli-

462 3918 675 3964 canetur
712 3902 984 3975 versihuS,
1027 3904 1217 3980 quaeri
1259 3904 1321 3962 in
1354 3923 1504 3962 nono
1546 3902 1692 3962 libro
1727 3904 1908 3980 jussit.
1991 3905 2179 3981 Neque
2219 3903 2356 3962 bar-

468 4017 633 4077 baras
672 4037 832 4078 voces
873 4017 1078 4074 frustra
1118 4017 1454 4094 quaesierint
1494 4015 1732 4074 Arnobii
1775 4015 2026 4093 aequales
2068 4037 2099 4073 a
2141 4015 2359 4074 Lucilio

465 4130 855 4210 reprehensas;
902 4129 1156 4208 quamvis
1197 4126 1346 4207 quod
1388 4127 1602 4187 indicio
1644 4149 1756 4186 esse
1796 4140 1974 4206 posset
2015 4129 2084 4185 fr.
2132 4127 2235 4186 13:

544 4243 733 4300 Por-m
772 4242 1237 4320 chenopodas,
1280 4247 1365 4298 sie
1404 4239 1838 4317 clinopodas
1880 4241 2297 4318 lychnosque

2093 4359 2130 4418 5
