3075 5392
1696 583 1771 642 14

782 816 922 874 quae
961 795 1023 851 in
1059 792 1242 872 legum
1279 789 1470 850 indico
1509 790 1751 851 Orellius
1792 781 2029 871 collegit.
2112 789 2256 868 Ergo
2298 810 2369 848 ne
2408 788 2505 847 hic
2536 787 2669 867 qui-

783 906 911 968 dem
951 903 1256 985 quidquam
1293 905 1486 974 statui,
1540 905 1650 962 nisi
1694 901 1849 983 quod
1886 904 2187 982 antiquitas
2224 920 2312 962 me
2350 901 2625 962 docuerat.

863 1019 1154 1079 Neminem
1183 1018 1301 1077 fore
1341 1016 1564 1077 confido
1582 1059 1599 1090 ,
1652 1017 1751 1096 qui
1790 1015 2195 1076 inconsiderate
2232 1035 2319 1074 me
2352 1014 2415 1074 in
2456 1015 2669 1074 consti-

777 1130 984 1193 tuenda
1041 1129 1244 1190 Lucilii
1301 1143 1472 1190 aetate
1525 1130 1696 1209 egisse
1736 1142 1967 1188 accuset.
2049 1128 2176 1209 Ipsa
2218 1140 2668 1208 argumentorum

781 1243 1068 1324 dispositio
1107 1241 1378 1314 ostendit,
1438 1243 1667 1302 certiora
1720 1263 1809 1301 me
1864 1241 2088 1301 incertis
2148 1261 2213 1299 ac
2270 1239 2671 1300 verisimilibus

780 1356 1168 1437 praeposuisse.
1253 1356 1441 1434 ltaque
1479 1355 1657 1436 legem
1692 1354 1997 1428 Liciniam,
2050 1355 2209 1432 eujus
2244 1352 2486 1434 perlatae
2526 1365 2672 1410 tem-

780 1489 886 1549 pus
943 1467 1272 1540 fluctuabat,
1333 1465 1408 1526 ad
1463 1480 1673 1526 certum
1734 1487 1947 1526 annum
2000 1480 2127 1525 ante
2166 1483 2421 1525 revocare
2458 1465 2671 1538 malui,

779 1600 946 1660 quam
975 1580 1177 1639 Bruti
1209 1579 1561 1640 Ciceroniani
1598 1579 1780 1638 locum
1794 1623 1811 1652 ,
1854 1577 2243 1660 disputationis
2280 1597 2430 1636 meae
2463 1599 2518 1658 p.
2550 1577 2631 1636 27
2647 1617 2665 1650 ,

780 1691 892 1766 28,
931 1693 1247 1772 conjectura
1287 1691 1598 1752 emendam.
1680 1690 1997 1751 Sentiebam
2038 1691 2187 1750 enim
2202 1735 2219 1764 ‚
2255 1703 2422 1768 quam
2457 1687 2673 1748 lubrica

780 1816 962 1864 essent
1017 1803 1332 1863 istiusmodi
1367 1817 1691 1884 argumenta
1750 1826 1781 1862 e
1834 1804 2060 1886 proprio
2118 1821 2284 1862 sensu
2322 1821 2417 1862 aut
2456 1801 2674 1880 judicio

780 1915 1144 1998 pullulantia,
1185 1937 1353 1995 quam
1384 1936 1507 1976 raro
1546 1916 1864 1975 communia
1894 1917 2145 1975 omnium
2165 1916 2425 1995 suffragia
2444 1916 2670 1987 ferrent,

779 2049 948 2108 quam
965 2028 1158 2109 paucis
1175 2025 1503 2109 persuadere
1520 2027 1849 2108 plerumque
1867 2029 2122 2088 solerent.
2154 2028 2273 2086 Hoc
2294 2039 2357 2086 tu
2377 2027 2671 2086 eonsilium

781 2157 966 2200 meum
1017 2151 1111 2198 aut
1151 2159 1266 2198 non
1311 2137 1506 2201 vidisti
1547 2153 1645 2199 aut
1680 2161 1879 2221 parum
1906 2141 2125 2200 curasti.
2209 2141 2334 2199 Pari
2372 2138 2671 2222 prudentia

783 2252 849 2313 in
907 2251 1044 2309 locis
1095 2250 1182 2311 de
1232 2253 1531 2312 Oratore
1570 2250 1641 2310 de
1682 2251 1897 2310 Lucilio
1949 2253 2123 2311 Roma
2158 2252 2381 2312 absente
2434 2251 2675 2312 necdum

783 2376 1000 2426 mortuo
1035 2363 1384 2444 explicandis
1424 2384 1479 2445 p.
1521 2363 1634 2436 28,
1676 2363 1755 2423 63
1798 2365 1998 2424 versati
2041 2364 2205 2424 nobis
2242 2385 2357 2424 esse
2398 2364 2675 2425 videmur.

781 2475 1032 2553 Namque
1049 2475 1128 2533 sic
1149 2472 1372 2534 demum
1401 2473 1829 2555 explicationem
1862 2473 1933 2533 de
1961 2475 2031 2533 iis
2062 2487 2305 2534 nostram
2325 2477 2444 2534 ausi
2466 2475 2675 2534 fuimus

779 2587 1056 2660 emittere,
1107 2585 1206 2646 ubi
1259 2584 1330 2646 de
1371 2586 1676 2667 Calpurnia
1718 2585 1834 2668 lege
1876 2584 2020 2665 quid
2059 2599 2309 2646 veterum
2350 2587 2677 2646 testimoniis

781 2697 1137 2758 statuendum
1178 2697 1459 2760 videretur
1515 2698 1820 2758 constabat.
1902 2697 2015 2759 Sed
2052 2700 2237 2758 locum
2276 2700 2559 2758 Ciceronis
2610 2700 2677 2756 in

784 2805 960 2864 Bruto
998 2807 1304 2866 accuratius
1345 2806 1808 2868 animadvertenti
1848 2821 2106 2886 tuamque
2146 2808 2217 2866 de
2251 2828 2315 2866 eo
2348 2809 2676 2866 sententiam

783 2919 1126 2998 comparanti
1175 2919 1349 2976 fateor
1397 2938 1513 2976 non
1556 2915 1907 2997 displicuisse
1944 2918 2085 2976 mihi
2126 2917 2281 2996 quod
2320 2919 2676 2996 conjeceram.

783 3029 847 3088 Si
887 3029 1041 3088 enim
1077 3047 1245 3088 sanus
1283 3041 1423 3088 esset
1463 3029 1621 3088 locus
1660 3039 1822 3108 atque
1861 3030 2097 3100 ironice,
2154 3043 2219 3089 ut
2258 3031 2551 3104 monuisti,
2592 3051 2679 3090 ac-

781 3139 1080 3223 cipiendus
1091 3185 1110 3216 ,
1149 3140 1370 3212 ciuem,
1413 3141 1501 3200 bis
1542 3141 1652 3200 sibi
1692 3140 1843 3201 idem
1878 3140 1953 3200 de
1992 3143 2173 3202 Crassi
2213 3142 2503 3202 tribunatu
2542 3163 2680 3203 nar·-

785 3272 930 3316 rasse
988 3254 1266 3316 Lucilium
1307 3252 1578 3335 prodens,
1634 3260 1826 3335 poetae
1864 3256 2137 3330 carmina,
2197 3275 2317 3314 non
2370 3272 2680 3316 sermonem

786 3367 1028 3447 aliquem
1068 3368 1342 3430 indicasse
1379 3365 1691 3428 censendus
1744 3380 1900 3427 esset.
1984 3369 2201 3442 Quaero
2253 3368 2453 3449 igitur,
2492 3381 2681 3428 utmm

785 3480 1094 3561 simplicior
1149 3481 1292 3540 ratio
1347 3478 1573 3538 suadeat
1591 3521 1611 3553 ,
1668 3491 1735 3538 ut
1790 3499 2046 3538 narrare
2098 3479 2170 3539 de
2226 3481 2431 3561 scripto
2490 3501 2566 3538 an
2606 3479 2681 3541 de

787 3591 974 3654 verbis
1034 3611 1169 3652 voce
1221 3590 1450 3671 prolatis
1488 3591 1933 3672 interpretemur.
2015 3592 2162 3651 Mihi
2202 3592 2431 3672 quidem
2470 3607 2534 3652 ut
2572 3593 2679 3653 hoc

789 3704 1130 3786 simplicius,
1171 3705 1250 3764 ita
1287 3704 1430 3764 mori
1471 3704 1755 3764 Ciceronis
1797 3705 1969 3786 magis
2004 3717 2433 3765 consentaneum
2458 3705 2681 3766 videtur

789 3837 924 3878 esse.
1004 3818 1076 3878 In
1117 3838 1226 3897 qua
1265 3817 1530 3898 opinione
1568 3817 1741 3898 magis
1780 3817 2105 3891 confirmor,
2146 3819 2193 3876 si
2228 3819 2482 3899 proxima
2495 3862 2514 3891 ,
2542 3835 2680 3896 quae

795 3929 1002 3994 Brutus
1041 3927 1365 4010 respondet,
1403 3927 1651 3991 adverto.
1704 3930 1845 3989 Nam
1886 3942 2173 4010 postquam
2214 3929 2433 3990 dixerat
2474 3931 2679 3989 Cicero:

798 4041 999 4104 oram·
1033 4048 1128 4102 ita
1169 4049 1390 4102 tacitus
1429 4043 1801 4113 tribunatus,
1860 4051 1931 4100 ut
1968 4049 2089 4102 nisi
2136 4051 2201 4102 in
2256 4062 2317 4101 ω
2366 4053 2682 4125 magistra-

799 4164 870 4214 tu
923 4161 1268 4214 meinent
1305 4154 1465 4231 apud
1493 4175 1835 4231 mmmm
1881 4153 2176 4213 Granium
2186 4199 2207 4230 ,
2262 4157 2435 4234 idque
2478 4163 2685 4234 pueris

793 4267 954 4332 uffo
1009 4273 1374 4328 nan-aviam
1409 4266 1682 4327 Lucilius
1702 4311 1717 4338 ‚
1782 4269 2087 4328 tribunum
2120 4267 2299 4346 plebis
2336 4277 2686 4330 nesciremus
