3075 5392
1630 615 1708 674 26

724 826 799 884 ita
863 825 1168 883 communis
1224 824 1392 884 Decio
1448 837 1585 882 esset
1605 868 1621 896 ,
1682 822 1777 901 qui
1830 821 2019 882 eadem
2062 820 2173 881 fide
2218 835 2272 881 et
2311 822 2616 880 constantia

727 937 1004 1017 Harpyias
1043 935 1500 996 circumsistentes
1542 935 1872 995 removisset.
1940 937 2019 993 Ac
2050 935 2354 1024 publicant·
2390 932 2618 1012 quidem

727 1051 932 1109 mentio
950 1095 968 1124 ,
1013 1050 1224 1130 ingrata
1262 1049 1368 1108 tihi
1388 1093 1405 1122 ‚
1445 1048 1588 1110 mihi
1626 1069 1729 1108 cur
1758 1045 2015 1107 nondum
2046 1067 2270 1128 prorsus
2300 1045 2620 1127 displiceat,

724 1181 890 1242 supra
933 1159 1198 1221 indicavi.
1272 1160 1635 1221 Memorabile
1685 1173 1866 1220 autem
1879 1205 1894 1232 ,
1934 1173 2021 1218 ter
2058 1159 2249 1241 Syriae
2282 1159 2619 1218 mentionem

723 1273 860 1332 fieri.
904 1274 1223 1353 Cauponam
1261 1273 1499 1354 Syram
1532 1273 1636 1345 ΙΙΙ,
1672 1273 1783 1346 333
1827 1273 2106 1352 pistricem
2140 1269 2614 1352 mamphularum,

724 1385 886 1464 panis
927 1384 1237 1465 Syriaci,
1277 1405 1476 1466 genera
1513 1384 1807 1443 callentem
1845 1384 1952 1442 sibi
1985 1384 2233 1466 quaerida
2255 1382 2621 1463 Metrophane

727 1508 823 1555 aut
882 1498 1058 1555 amico
1111 1497 1288 1577 poscit
1338 1496 1536 1556 absens
1590 1497 1657 1555 fr.
1692 1496 1802 1556 inc.
1848 1495 1953 1571 13;
2020 1495 2332 1554 Tricorium
2374 1495 2621 1576 Syrum

730 1607 951 1682 XXVI,
972 1607 1027 1667 4.
1079 1608 1351 1669 Viderine
1389 1622 1565 1690 potest
1605 1631 1677 1669 ex
1718 1610 1848 1668 Asia
1888 1609 2106 1690 Syriam
2146 1609 2389 1669 visitasse
2428 1620 2481 1666 et
2500 1609 2625 1666 An·-

727 1721 899 1782 tiochi
911 1765 930 1796 ‚
971 1724 1129 1800 cujus
1169 1720 1396 1782 domum
1431 1725 1636 1782 Romae
1656 1721 1957 1794 habitabat,
1991 1733 2231 1801 posteros
2254 1719 2621 1780 convenisse?

729 1833 856 1892 Non
897 1831 1179 1892 definiam.
1222 1835 1474 1894 Ceterum
1509 1844 1675 1893 ctam
1705 1835 1843 1911 pede
1879 1840 1944 1891 in
1980 1855 2119 1905 nno,
2160 1830 2311 1911 quod
2330 1853 2429 1913 ego
2447 1831 2623 1912 expli·

731 1943 822 2002 cui
861 1963 918 2024 p.
965 1943 1075 2003 101
1123 1943 1194 2004 de
1234 1945 1503 2005 constanti
1537 1947 1699 2005 metri
1738 1937 1944 2004 heroici
1984 1967 2115 2018 usu,
2155 1942 2311 2003 nulla
2350 1964 2511 2004 causa
2542 1955 2622 2002 est

729 2077 830 2116 cur
868 2078 984 2116 non
1025 2058 1105 2116 sic
1145 2057 1468 2138 explicetur.
1550 2058 1843 2116 Horatium
1884 2057 2035 2116 enim
2068 2077 2291 2115 suorum
2322 2055 2623 2117 verborum

734 2169 1083 2251 interpretem
1124 2168 1385 2244 laudavi,
1426 2171 1523 2250 qui
1568 2183 1856 2250 postquam
1896 2169 2005 2230 Sat.
2043 2169 2099 2241 Ι,
2126 2165 2294 2242 4,10
2334 2165 2575 2226 dixerat:

1590 2317 1669 2326 -
1710 2289 1775 2339 in
1816 2283 1957 2338 hora
1999 2301 2158 2357 saepe
2197 2281 2499 2346 ducentos,

968 2395 1045 2452 Ut
1085 2416 1389 2473 nmquam,
1432 2415 1632 2450 versus
1671 2394 1925 2450 dictabat
1966 2402 2131 2449 stans
2165 2393 2335 2468 pede
2376 2398 2437 2448 in
2472 2413 2624 2463 unc,

735 2503 925 2564 cadem
970 2507 1166 2586 repetit
1224 2506 1334 2563 Sat.
1388 2506 1443 2576 Ι,
1469 2503 1575 2577 10,
1596 2505 1701 2577 59,
1759 2505 1855 2564 ubi
1896 2506 2088 2563 satirae
2127 2519 2349 2581 quartae
2386 2503 2621 2562 rationes

736 2617 947 2677 reddit:

1081 2751 1249 2788 -ac
1289 2739 1339 2789 ei
1379 2737 1510 2809 quin
1534 2731 1841 2807 pedibus
1872 2730 2014 2807 quid
2033 2730 2299 2786 claudere
2328 2735 2527 2788 senis

982 2841 1102 2899 Hoc
1133 2851 1401 2915 tantum,
1459 2851 1787 2910 contentus,
1842 2850 1998 2898 amet
2043 2848 2333 2918 scripsisse
2360 2842 2631 2900 ducentos

977 2953 1142 3011 Anto
1181 2954 1369 3012 cibum
1404 2975 1634 3022 versus,
1674 2947 1910 3011 totidem
1949 2962 2219 3012 coenatu-5
2248 2987 2328 3000 --
2350 2977 2379 3026 ,-

743 3063 999 3142 idemque
1057 3064 1167 3124 Sat.
1231 3064 1402 3144 11,1‚
1425 3065 1504 3126 28
1566 3087 1755 3124 rursus
1808 3065 2089 3125 heroicum
2148 3078 2385 3126 metrum
2421 3087 2631 3127 memo-

745 3179 912 3237 ravit:

1071 3325 1148 3335 -
1189 3311 1276 3347 mc
1307 3293 1475 3367 pedi
1485 3293 1607 3349 bus
1644 3292 1888 3350 delectat
1924 3291 2189 3348 claudere
2220 3293 2390 3348 verba

966 3403 1160 3460 Lucili*
1201 3409 1329 3458 ritu
1372 3437 1468 3459 -—-.

744 3516 918 3588 Novi,
965 3513 1354 3594 interpretibus
1393 3513 1607 3594 plaeere
1644 3514 1916 3573 Graecum
1958 3515 2072 3587 δ’λῳ
2110 3516 2240 3574 nost
2280 3528 2333 3574 et
2370 3516 2632 3575 Latinum

746 3633 900 3685 cinni
934 3629 1073 3703 pede
1111 3627 1323 3694 afferre,
1367 3648 1476 3704 quo
1516 3628 1853 3686 contrarium
1894 3642 2233 3708 exponatur3
2288 3649 2483 3692 verum
2523 3629 2631 3688 hoc

746 3760 844 3798 suo
881 3739 1060 3797 Marte
1083 3782 1096 3808 ‚
1141 3759 1254 3796 non
1295 3738 1565 3820 exemplis
1607 3741 1728 3812 usi,
1771 3739 1999 3799 faciunt.
2096 3741 2243 3801 Mihi
2284 3741 2630 3802 commodius

747 3846 968 3907 videtur
1022 3846 1388 3906 Horatianum
1447 3849 1658 3905 chorda
1717 3850 1944 3906 obem-at
2002 3851 2195 3906 eadem
2234 3850 2512 3924 conferre,
2568 3864 2632 3909 ut

747 3959 882 4020 dicti
935 3959 1024 4018 vis
1081 3971 1276 4039 pateat.
1373 3959 1671 4018 Immature
1730 3960 2032 4035 monuisti,
2100 3959 2253 4040 quod
2310 3957 2528 4020 Lucilio
2575 3973 2632 4021 et

749 4073 978 4130 Horatio
1041 4071 1199 4130 metri
1258 4070 1538 4129 heroici
1597 4091 1729 4130 usus
1787 4074 2097 4132 communis
2170 4073 2337 4131 fuerit
2355 4116 2374 4147 ,
2460 4093 2635 4156 prop-

749 4193 894 4238 terea
952 4179 1106 4237 hunc
1166 4178 1249 4237 illi
1309 4179 1445 4238 vitio
1497 4192 1706 4238 vertere
1748 4201 1863 4239 non
1902 4183 2142 4261 potuisse
2186 4180 2245 4240 id
2264 4225 2283 4256 ‚
2324 4181 2478 4262 quod
2516 4184 2637 4264 ipse

751 4292 1089 4348 constantius
1149 4304 1478 4370 usurpasset.
1564 4293 1689 4364 Qua
1750 4293 1809 4349 in
1876 4314 1934 4351 re
1994 4294 2285 4354 immemor
2336 4295 2492 4354 fuisti
2533 4296 2637 4358 he?
