3075 5392
1287 535 1360 596 17

380 739 440 794 in
480 736 642 796 aliam
686 734 846 815 louge
884 734 1207 792 senteutiam
1239 733 1488 792 Suetonii
1519 731 1591 790 de
1628 731 1845 791 Lucilio
1884 731 2051 790 verba
2091 732 2263 790 inter-

380 861 650 927 pre-tutum
711 865 825 906 esse
888 846 940 906 J.
996 845 1374 906 Beckerum
1424 843 1649 924 (Ztach.
1683 847 1747 920 f:
1788 844 2049 904 Alter-cli.
2105 843 2263 903 1843

382 983 438 1020 n.
453 959 668 1040 30-33)
679 959 774 1037 qui
797 957 1063 1038 peculiari
1083 956 1454 1038 disputatione
1473 955 1544 1016 de
1556 954 1761 1016 Lucilii
1779 957 2067 1018 satirarum
2082 955 2261 1016 distri-

380 1074 607 1134 butione
639 1073 762 1152 egit.
825 1072 934 1130 Hic
965 1069 1191 1151 publice
1221 1070 1466 1128 recitatas
1493 1089 1605 1127 esse
1640 1067 1715 1128 ab
1744 1067 2013 1128 Archelao
2032 1112 2049 1142 ‚
2072 1069 2266 1127 Vectio

382 1200 435 1244 et
472 1184 800 1246 Philocomo·
830 1182 1033 1242 Lucilii
1072 1182 1260 1241 satiras
1297 1179 1621 1251 contendit,
1682 1179 2005 1258 easdemque
2042 1180 2103 1238 in
2144 1180 2266 1240 illo·

383 1316 508 1353 rum
537 1293 767 1354 aedibus
805 1295 1080 1352 Lenaeum
1119 1306 1172 1351 et
1205 1295 1465 1354 Catonem
1497 1291 1722 1372 publice
1759 1293 2099 1373 praelegisse.
2142 1293 2269 1352 Non

382 1407 548 1467 credo
567 1452 583 1478 ‚
642 1409 898 1468 Vectium
958 1420 1010 1466 et
1048 1406 1427 1467 Philocomum
1475 1403 1720 1464 diversas
1766 1425 2024 1484 personas
2063 1404 2264 1477 fuisse3

383 1542 492 1600 qua
531 1519 602 1580 de
637 1541 694 1580 re
733 1517 872 1597 quid
910 1519 1049 1579 mihi
1095 1519 1278 1582 visum
1308 1518 1406 1590 sit,
1445 1519 1508 1574 in
1540 1515 1913 1596 disputatione
1946 1537 2003 1595 p.
2028 1514 2144 1576 137
2176 1537 2269 1574 ex·

386 1633 564 1714 posui.
617 1633 848 1692 Etiamsi
883 1653 1016 1692 vero
1045 1630 1292 1690 diversae
1319 1650 1583 1710 personae
1612 1630 1843 1690 fuissent
1859 1674 1877 1702 ,
1922 1649 2271 1708 nequaquam

385 1757 569 1804 tamen
629 1764 756 1802 cum
812 1743 1052 1802 Beckero
1114 1742 1440 1812 faceremuS‚
1503 1741 1601 1819 qui
1665 1739 1933 1800 Vectium
1988 1740 2271 1798 Titinium

387 1857 554 1916 fuisse
594 1856 929 1914 existimavit
969 1875 1125 1926 eum,
1165 1874 1327 1932 quem
1359 1853 1611 1912 Lucilius
1649 1852 2018 1934 reprehendit.
2100 1853 2271 1912 Hunc

388 1972 538 2030 enim
559 2015 574 2042 ,
617 1990 780 2047 quem
819 1963 1086 2026 oratorem
1129 1965 1394 2024 Vectium
1439 1966 1500 2023 V
1493 1972 1789 2024 eetiannm
1826 1966 2024 2040 fuisse,
2078 1965 2273 2046 proba·

387 2083 575 2141 biliter
613 2083 899 2140 statuimus
938 2102 990 2160 p.
1040 2079 1184 2151 197,
1229 2101 1422 2159 parum
1461 2079 1760 2138 verisimile
1798 2092 1881 2138 est
1918 2099 2139 2158 operam
2179 2098 2271 2158 po-

388 2196 554 2254 suisse
593 2195 656 2254 in
705 2200 895 2274 poetae
949 2192 1288 2252 carminibus
1325 2190 1709 2272 divulgandis,
1770 2214 1802 2254 a
1842 2213 1953 2270 quo
1988 2212 2044 2250 se
2082 2212 2273 2272 repre·-

390 2306 624 2367 hensum
665 2304 894 2364 sciebat.
975 2304 1314 2366 ‘incredibile
1349 2317 1528 2364 autem
1563 2325 1785 2384 prorsus
1818 2317 1927 2377 est,
1966 2303 2163 2363 alienis
2190 2325 2274 2362 ae·

390 2417 558 2478 dibus
595 2439 721 2476 usos
752 2439 864 2476 esse
897 2419 1174 2477 Lenaeum
1207 2431 1259 2476 et
1286 2418 1548 2476 Catonem
1580 2419 1989 2498 grammaticos,
2030 2431 2093 2476 ut
2120 2439 2273 2498 prae·

397 2529 640 2609 legerent
689 2530 886 2588 Lucilii
942 2531 1160 2602 satiras,
1219 2551 1392 2608 quum
1441 2551 1528 2590 res
1576 2531 1696 2611 ipsa
1734 2543 1955 2592 moneat
1992 2543 2055 2588 ut
2090 2532 2277 2590 existi·

399 2664 639 2714 memus,
702 2642 824 2702 illos
867 2641 1204 2722 praedicasse
1258 2645 1320 2702 in
1369 2640 1564 2713 libris,
1618 2662 1755 2720 quos
1794 2641 2163 2719 reliquerunt,
2220 2663 2281 2702 se

388 2759 684 2833 juventute
723 2753 974 2816 discendi
1014 2755 1176 2817 caus-‘⁴21
1215 2753 1443 2815 domum
1481 2755 1833 2825 convenisse,
1886 2754 2138 2815 Archelai
2180 2755 2279 2813 Le·

394 2888 624 2940 uacum,
685 2867 988 2929 Philocomi
1030 2867 1320 2938 Catonem,
1382 2867 1573 2946 ibique
1612 2865 1903 2928 Luciliana
1961 2866 2151 2948 legisse
2190 2870 2274 2927 in·

394 2979 724 3060 terpretibus
765 2979 895 3046 illis.

487 3093 702 3152 Aureus
759 3113 888 3154 vero
945 3113 1032 3165 es,
1095 3093 1192 3171 qui
1241 3093 1380 3155 mihi
1428 3094 1651 3174 insigne
1697 3093 1898 3175 Pighii·
1937 3115 2027 3154 aes
2076 3115 2281 3176 appen-

394 3202 556 3278 deris
598 3206 779 3278 Quem.
815 3226 913 3284 ego
949 3207 1138 3269 virum
1169 3207 1264 3266 etsi
1306 3207 1518 3286 maguis
1561 3205 1823 3266 laudibus
1860 3205 2131 3266 celebrem
2152 3251 2170 3279 ‚
2207 3219 2283 3264 ta-

396 3337 526 3374 men
563 3316 692 3376 nolo
729 3319 917 3376 omnia
935 3319 1052 3395 ejus
1074 3340 1192 3379 mea
1230 3318 1436 3378 haberi.
1495 3319 1637 3377 Nam
1656 3339 1794 3396 quae
1826 3319 1943 3395 ejus
1982 3318 2153 3378 verba
2172 3339 2283 3379 me-

397 3429 609 3490 moravi
657 3450 711 3510 p.
751 3428 864 3499 56,
905 3443 962 3488 ut
1003 3451 1114 3508 qua
1151 3431 1360 3490 ratione
1401 3431 1681 3490 Ciceronis
1717 3428 1786 3492 de
1828 3432 2051 3490 Oratore
2096 3430 2283 3492 locum

395 3541 504 3622 (ΙΙ,
547 3539 658 3614 70,
699 3539 845 3622 284)
881 3554 1134 3605 tentasset
1170 3557 1223 3606 et
1261 3543 1536 3624 explicare
1556 3542 1877 3616 studuisset,
1918 3546 2166 3624 pateret,
2218 3563 2285 3608 ea

402 3653 518 3733 ipsa
558 3654 756 3728 verba,
797 3655 973 3714 nimia
1003 3655 1350 3717 festinatione
1381 3655 1577 3727 lusus,
1616 3658 1756 3718 mihi
1788 3661 2122 3740 appinxisti,
2162 3661 2281 3741 qui·

398 3765 506 3829 bus
547 3787 664 3826 non
703 3765 866 3826 valde
903 3787 989 3830 me
1041 3781 1292 3830 ornatum
1334 3769 1535 3844 sentio;
1580 3782 1770 3830 eontra
1792 3773 2019 3844 nesciis,
2046 3770 2188 3850 quid
2207 3774 2287 3832 rei

400 3879 470 3952 sit
487 3923 506 3952 ‚
545 3900 616 3938 ne
664 3877 934 3938 ridiculus
977 3877 1170 3940 videar
1218 3881 1458 3940 maxime
1495 3902 1701 3942 vereor.
1806 3884 1935 3942 Mea
1985 3885 2152 3964 igitur
2193 3883 2284 3945 de·

400 3989 636 4050 fendens
684 4012 748 4050 ac
803 3991 1072 4071 Pighiana
1119 3992 1303 4052 valere
1353 3993 1561 4071 jubens
1580 4037 1599 4067 ,
1658 4015 1897 4074 pergam.
2002 3996 2291 4058 caecitatis

398 4122 486 4165 me
521 4104 776 4183 arguisti,
815 4102 969 4181 quod
1008 4125 1227 4166 versus:

561 4216 619 4276 P
626 4218 929 4286 uelit-anm
965 4237 1096 4286 emt
1137 4227 1207 4280 ut
1248 4217 1428 4288 Mae
1448 4221 1611 4296 fiam
1654 4227 2087 4298 &rupem-mins

2022 4337 2067 4394 8·
