3075 5392
1345 543 1423 603 27

433 752 567 812 roici
629 753 789 812 metri
850 773 881 811 a
924 752 1139 812 Lucilio
1178 752 1421 832 primum
1464 751 1526 810 in
1567 750 1748 808 satiris
1791 747 2110 830 diligentius
2151 745 2320 806 adhi-

433 863 567 940 biti3
618 885 761 944 quae
802 863 986 942 aliqua
1026 877 1169 924 certe
1210 865 1327 941 ejus
1369 862 1489 921 laus
1530 862 1710 920 fuerat
1727 905 1744 934 ,
1787 883 1902 920 non
1945 861 2277 940 amplissima
2299 904 2316 932 ,

432 977 563 1054 quia
617 976 731 1035 suis
792 976 1041 1050 σχεδίαις
1103 974 1285 1034 deesse
1326 974 1519 1034 limam
1557 973 1884 1055 patiebatur.
1981 972 2316 1034 Evidentius

428 1088 593 1148 etiam
654 1088 747 1148 fiet
766 1132 783 1161 ,
844 1109 945 1147 cur
1005 1096 1171 1146 stam
1220 1089 1362 1164 pede
1420 1095 1487 1146 in
1550 1109 1685 1159 uno,
1747 1086 2006 1168 ambigue
2067 1085 2277 1144 dictum
2292 1129 2308 1156 ‚

428 1202 621 1261 referri
680 1200 753 1260 ad
814 1201 974 1260 metri
1032 1201 1267 1260 formam
1308 1213 1552 1280 oporteat
1569 1243 1586 1272 ,
1649 1200 1694 1257 si
1738 1200 2016 1279 superiora
2059 1199 2315 1276 inspexe-

428 1313 602 1372 rimus
620 1357 639 1387 ,
698 1311 799 1372 ubi
850 1331 1003 1372 orsus
1044 1317 1204 1392 poeta
1244 1311 1317 1370 ab
1358 1311 1601 1390 antiquis
1641 1312 1866 1370 comicis
1907 1311 2160 1383 GraeciS‚
2213 1309 2315 1367 hos

427 1438 675 1484 secutum
714 1445 829 1484 esse
870 1424 1147 1484 Lucilium
1201 1424 1447 1485 narravit
1466 1468 1484 1498 ,
1545 1437 1599 1483 et
1657 1421 1896 1504 pedibus
1956 1423 2179 1482 mutatis
2241 1422 2314 1480 ab

426 1535 495 1594 iis
554 1533 898 1615 pependisse.
1000 1536 1125 1609 Quo
1184 1534 1249 1593 fit
1264 1573 1289 1608 5
1342 1547 1403 1592 ut
1456 1535 1518 1592 in
1583 1553 1702 1592 eam
1771 1553 1873 1593 nos
1945 1533 2312 1612 suspicionem

424 1647 519 1706 hic
559 1647 676 1728 ipse
717 1647 931 1706 Horatii
982 1645 1135 1705 locus
1192 1644 1443 1705 traducat
1462 1689 1479 1719 ,
1541 1657 1602 1704 ut
1616 1690 1632 1717 ,
1691 1666 1864 1724 quum
1906 1644 2128 1706 diverso
2185 1664 2308 1703 me-

424 1771 635 1818 trorum
694 1779 889 1839 genere
906 1802 925 1830 ,
982 1758 1202 1818 heroico
1219 1803 1237 1832 ‚
1300 1757 1546 1836 jambico
1566 1803 1584 1832 ,
1643 1757 1918 1817 trochaico
1979 1778 2140 1816 usum
2201 1778 2314 1816 esse

424 1871 705 1930 Lucilium
762 1883 1008 1944 constet,
1072 1871 1302 1931 heroicis
1362 1892 1492 1930 vero
1553 1872 1912 1952 compleverit
1981 1872 2181 1951 viginti
2225 1871 2316 1929 vel

424 2005 601 2043 unum
632 1996 686 2043 et
704 1985 907 2064 viginti
936 1984 1143 2063 priores
1184 1984 1469 2042 satirarum
1501 1983 1672 2041 libros
1691 1996 1743 2041 et
1762 1983 2130 2064 trigesimum,
2171 1984 2313 2041 arbi·

424 2108 666 2170 tremat,
706 2097 771 2155 in
808 2096 898 2156 his
938 2096 1179 2154 maxime
1219 2094 1527 2154 scribendis
1559 2095 1951 2170 Cratinum,
1994 2095 2311 2175 Eupolin

422 2221 479 2268 et
496 2207 1051 2288 Aristophanem
1090 2209 1143 2267 ei
1183 2206 1437 2288 exemplo
1478 2208 1673 2283 fuisse3
1717 2228 1952 2287 quorum
1993 2209 2224 2268 imitatio
2266 2209 2314 2267 si

422 2319 663 2398 reliquos
721 2321 927 2402 pariter
986 2319 1159 2380 libros
1219 2322 1524 2380 attinuisset
1545 2365 1564 2396 ,
1625 2321 1990 2403 negligentiae
2055 2323 2275 2403 culpam
2293 2367 2310 2396 ,

422 2433 580 2512 cujus
621 2435 921 2494 immunem
964 2455 1021 2493 se
1060 2434 1363 2515 praestitit,
1406 2435 1668 2493 Horatius
1709 2435 1808 2495 vix
1849 2435 2134 2516 effugisset.

498 2547 627 2607 Jam
666 2545 1069 2628 aggredientem
1111 2561 1163 2605 te
1204 2567 1380 2605 meam
1421 2544 1493 2604 de
1534 2547 1827 2606 satirarum
1869 2547 2070 2606 Lucilii
2113 2547 2308 2606 distri-

417 2657 649 2718 butione
688 2657 1013 2717 sententiam
1052 2655 1355 2718 videamus.
1398 2657 1680 2737 Reprobas
1693 2701 1709 2731 ,
1753 2671 1814 2716 ut·
1855 2658 2126 2738 plurima,
2168 2681 2306 2738 quae

418 2785 665 2832 veterum
705 2771 839 2832 locis
881 2771 1037 2830 nisus
1076 2768 1375 2850 disputavi.
1471 2769 1615 2829 Ecce
1655 2791 1786 2830 vero
1832 2769 1932 2830 tibi
1974 2791 2186 2830 novum
2226 2793 2310 2831 re-

415 2882 693 2966 probandi
754 2903 1011 2964 campum
1070 2883 1281 2963 aperuit
1340 2882 1393 2943 J.
1435 2883 1728 2958 Becker,
1789 2884 1888 2962 qui
1929 2882 2302 2964 disputatione

416 2996 639 3056 laudata
678 3017 781 3078 pro
820 2996 1005 3055 lubitu
1046 2995 1153 3054 sibi
1196 2995 1361 3056 finxit
1403 2997 1681 3055 Lucilium
1701 3041 1718 3071 ,
1757 2999 2002 3079 primum
2038 3007 2305 3075 poemata

414 3110 685 3190 quaedam
725 3107 817 3167 vel
856 3107 1126 3187 poematia
1143 3149 1162 3180 ‚
1203 3107 1375 3166 variis
1424 3108 1930 3187 opportunitatibus
1972 3108 2158 3168 subito
2199 3130 2306 3166 na·-

414 3237 470 3282 ta
488 3266 507 3296 ,
568 3217 825 3302 epistolae
877 3219 1054 3279 forma
1094 3218 1285 3277 amicis
1323 3218 1543 3298 singula
1585 3219 1846 3300 deinceps
1887 3221 2054 3280 missa
2072 3265 2090 3295 ,
2152 3241 2303 3301 sepa-

416 3335 579 3395 ratim
619 3332 899 3405 edentem,
940 3328 1146 3390 deinde
1186 3329 1406 3406 eadem,
1457 3330 1686 3412 probata
1727 3332 1966 3413 populo,
2007 3332 2154 3393 libro
2194 3335 2307 3393 sin-

414 3446 595 3530 gulari
634 3445 997 3526 colligentem,
1040 3465 1205 3524 quem
1244 3443 1453 3504 librum
1468 3489 1484 3516 ,
1525 3445 1790 3524 quoniam
1826 3454 2110 3524 postet-ior
2147 3461 2304 3527 post-

412 3581 476 3618 ea
536 3557 790 3618 successit
802 3600 820 3630 ,
874 3554 1125 3616 similiter
1173 3577 1206 3615 e
1258 3557 1550 3636 separatim
1605 3555 1769 3616 editis
1823 3559 2110 3638 poiimatiis
2164 3578 2304 3617 con-

414 3671 578 3730 flatus
599 3713 617 3743 ,
646 3677 907 3747 priorem
946 3667 1093 3729 dixit
1110 3713 1129 3742 ,
1186 3680 1241 3727 et
1280 3669 1426 3728 Aelii
1468 3669 1698 3728 Stilonis
1739 3671 1959 3731 nomini
2003 3671 2301 3752 inscripsit.

412 3784 561 3842 Mihi
599 3781 827 3861 quidem
884 3803 947 3841 ea
988 3781 1217 3859 Beckeri
1276 3783 1415 3840 ratio
1468 3781 1680 3862 placuit
1697 3826 1711 3852 ‚
1777 3783 2002 3863 ingenio
2057 3804 2174 3842 non
2217 3785 2304 3842 fu⁴

412 3895 541 3955 riosi
582 3896 757 3954 instar
796 3892 1178 3975 indulgentis,
1220 3892 1377 3953 baud
1414 3895 1566 3954 enim
1607 3892 1826 3974 singula
1863 3895 2098 3975 probare
2131 3895 2272 3973 jube

412 4029 505 4084 or,
544 4007 645 4068 sed
682 4027 947 4090 cognosco
980 4005 1121 4086 quid
1153 4007 1241 4066 illi
1268 4008 1450 4069 visum
1491 4008 1593 4082 sit,
1634 4007 1786 4086 quod
1825 4028 2012 4066 meum
2053 4007 2303 4068 animum

405 4120 657 4199 jucunde
696 4120 870 4180 afficit
910 4131 963 4180 et
1004 4117 1079 4180 ad
1137 4118 1548 4199 exquirendum
1609 4121 1840 4197 excitat3
1906 4139 2010 4178 nec
2069 4118 2266 4180 ridebo
2287 4166 2302 4192 ‚

410 4234 457 4293 si
498 4255 606 4312 qua
668 4229 1074 4312 nonnunquam
1136 4232 1323 4293 minus
1380 4231 1675 4313 probanda
1714 4246 2055 4292 commentus
2103 4232 2268 4291 fuerit
2285 4277 2302 4306 ,
