3075 5392
502 798 822 839 conservare
865 780 1127 852 Decium,
1181 778 1280 838 sed
1320 781 1500 861 ipsum
1542 779 1823 838 laboribus
1862 793 1914 839 et
1955 781 2101 839 curis
2140 782 2255 838 suis
2293 799 2394 860 pe·-

503 894 702 970 perisse
740 913 888 964 eam,
924 903 976 950 et
1015 892 1296 971 pacavisse
1321 893 1668 972 provinciam
1686 889 1966 971 praedicat
1982 914 1997 966 3
2042 889 2208 949 simul
2232 911 2389 962 vero,

502 1015 612 1078 qua
667 1001 876 1060 ratione
933 1001 1051 1061 voti
1107 1021 1328 1081 compos
1378 1003 1553 1060 factus
1592 1002 1693 1076 sit,
1755 1015 1957 1061 narrat.
2040 1001 2253 1075 Quodsi
2294 1001 2391 1060 illa

502 1113 700 1170 satirae
733 1111 1018 1173 vulnificis
1057 1113 1345 1172 Camoenis
1383 1111 1631 1172 ludentis
1669 1115 1875 1172 mentio
1906 1102 2140 1172 Decium
2166 1113 2393 1193 attinge-

500 1237 612 1298 ret,
651 1223 910 1304 idemque
947 1226 1140 1284 Turno
1178 1234 1232 1284 et
1259 1227 1296 1285 J
1300 1225 1534 1285 uvenale
1570 1225 1965 1306 praestantior,
1999 1223 2188 1302 judice
2226 1225 2394 1282 Ruti-

498 1334 606 1406 lio,
647 1335 868 1408 fuisset,
910 1335 1104 1394 merito
1135 1335 1484 1408 miraremur,
1503 1334 1651 1393 hanc
1690 1333 1844 1394 illius
1879 1332 2262 1392 excellentiam
2283 1345 2395 1392 tam

499 1447 788 1506 obscuram
827 1447 1118 1520 mansisse,
1153 1460 1213 1506 ut
1251 1450 1455 1506 ceteros
1493 1465 1684 1506 omnes
1698 1489 1715 1520 ,
1758 1467 1873 1505 uno
1904 1459 2131 1525 excepto
2152 1443 2394 1516 Rutilio,

500 1561 707 1619 lateret.
788 1562 981 1638 Itaque
1038 1560 1269 1619 Decium
1325 1559 1564 1639 probum
1625 1559 1855 1618 Tusciae
1912 1571 2171 1618 rectorem
2190 1601 2207 1630 ,
2276 1577 2393 1614 non

497 1678 717 1752 poetam
753 1673 1032 1732 satiricum
1073 1672 1399 1732 habebimus
1410 1697 1426 1750 3
1469 1671 1751 1730 Lucillum
1792 1691 1925 1732 vero
1956 1685 2131 1729 cetera
2152 1683 2393 1748 spectare

497 1798 830 1860 statuentes,
872 1807 988 1844 non
1027 1785 1130 1844 soli
1168 1785 1430 1865 suspicati
1465 1805 1689 1858 sumuS,
1731 1783 2117 1855 Lucilium,
2158 1794 2395 1842 veterem

497 1899 875 1957 Romanorum
915 1903 1159 1978 poetam,
1201 1899 1426 1977 cogitari
1463 1897 1695 1970 debere,
1736 1895 1834 1955 sed
1867 1895 2254 1954 casaubonum
2274 1915 2395 1952 scn-

497 2011 702 2069 tentiae
760 2011 1082 2090 participem
1136 2010 1420 2070 habemus.
1504 2008 1670 2083 Quod
1708 2023 1889 2068 autem
1930 2029 2143 2067 summo
2183 2008 2392 2064 Casan-

499 2123 648 2180 bouo
707 2144 824 2180 non
887 2121 1070 2180 audax
1131 2136 1184 2181 et
1236 2123 1476 2180 immane
1518 2124 1701 2180 visum
1742 2136 1849 2194 est,
1902 2122 2135 2180 Decium
2172 2121 2393 2178 Lucilii

488 2241 710 2312 piqnm
748 2234 1048 2314 appellari,
1101 2232 1164 2291 id
1201 2233 1341 2291 mihi
1372 2236 1498 2310 jure
1536 2231 1833 2292 videatur?
1870 2231 2204 2313 praesertim
2262 2251 2391 2288 cum

497 2366 616 2404 non
673 2347 846 2425 magis
903 2345 1154 2403 Lucillus
1210 2345 1454 2426 inclytus
1493 2345 1659 2404 satir&
1696 2345 1785 2403 vir
1821 2356 2150 2402 memoretur
2188 2343 2355 2400 fuisse
2374 2385 2391 2413 ,

496 2477 662 2535 quam
699 2453 932 2516 Decium
969 2479 1033 2514 ea
1065 2456 1229 2515 laude
1267 2458 1597 2536 praestitisse
1635 2457 1857 2537 probari
1898 2469 2089 2536 potest.
2172 2456 2389 2533 Itaque,

499 2571 596 2628 etsi
637 2584 782 2628 recte
821 2569 1257 2650 reprehendisti,
1317 2569 1470 2647 quod
1510 2571 1650 2628 mihi
1689 2591 1743 2650 p.
1792 2567 1902 2626 191
1954 2568 2269 2648 gravissimo
2302 2588 2391 2625 er·-

496 2703 616 2740 rore
672 2681 742 2740 de
803 2683 1130 2740 Lucilliano
1167 2685 1605 2740 domesticorum
1664 2689 1866 2738 comite
1914 2679 2125 2738 excidit
2145 2723 2159 2750 ,
2203 2690 2389 2736 tamen

495 2815 610 2852 non
651 2816 932 2872 assequor,
973 2816 1144 2872 quum
1185 2793 1258 2852 de
1295 2793 1462 2852 Decio
1500 2795 1714 2852 dictum
1752 2794 2031 2874 putaveris

692 2907 896 2984 Hujus
935 2910 1232 2984 vulnificis
1271 2915 1480 2986 satyr-d
1529 2910 1763 2966 ludente
1802 2906 2099 2964 Camoenis

775 3017 894 3076 Nee
927 3013 1178 3075 -Tuimm
1207 3022 1397 3094 potior
1414 3059 1432 3090 ,
1487 3038 1587 3075 nec
1621 3017 1935 3076 duvenalis
1970 3022 2089 3072 erit
2110 3059 2124 3083 ,

494 3147 594 3185 cur
650 3129 931 3207 proximos
990 3127 1104 3186 duo
1159 3148 1348 3187 versus
1395 3127 1465 3186 de
1515 3127 1673 3185 Decii
1710 3139 1864 3206 patre
1901 3124 2201 3204 acceperis:
2244 3143 2384 3209 quae

495 3237 634 3295 ratio
654 3249 748 3295 tua
777 3237 914 3296 mihi
947 3235 1272 3316 persuadet,
1313 3221 1589 3296 incertum
1607 3248 1659 3296 te
1688 3237 1949 3308 haesisse,
1982 3233 2119 3312 quid
2141 3247 2193 3293 et
2212 3256 2385 3311 quan·

497 3360 616 3407 tum
669 3346 738 3405 de
796 3348 1042 3421 Lucillo,
1093 3347 1338 3426 quidque
1391 3349 1461 3406 de
1498 3349 1667 3407 Decio
1705 3353 2063 3404 memoratum
2104 3366 2133 3402 a
2175 3344 2387 3402 Rutilio

493 3460 849 3520 existimares.
932 3461 1120 3538 Neque
1157 3437 1304 3518 illud
1345 3480 1536 3520 verum
1577 3473 1683 3532 est,
1745 3480 1831 3517 me
1884 3456 1955 3516 de
1993 3457 2207 3517 Lucilio
2238 3455 2387 3514 dicta

495 3585 740 3652 putasse,
781 3593 920 3650 quae
957 3572 1204 3632 Rutilius
1243 3571 1313 3630 de
1352 3573 1521 3632 Decio
1561 3571 1775 3644 retulit,
1818 3577 1974 3630 saer-c·
2003 3576 2143 3628 auri
2164 3576 2387 3646 justis-

496 3691 710 3746 tiniam
749 3685 1046 3744 arbitrum
1084 3705 1210 3744 eum
1249 3684 1449 3757 fuisse,
1491 3683 1643 3762 quod
1680 3682 1848 3764 plane
1886 3698 1946 3742 ut
1986 3704 2015 3740 a
2036 3695 2217 3742 mente
2236 3703 2388 3754 mea,

497 3798 572 3858 ita
625 3818 658 3855 a
696 3796 918 3876 scriptis
956 3796 1126 3856 abest.
1210 3797 1453 3855 Tantum
1493 3793 1881 3854 similitudinis
1922 3793 2193 3852 indicavit
2234 3793 2388 3852 Ruti-

494 3905 604 3970 lius
659 3908 805 3970 inter
863 3907 1157 3988 antiquum
1194 3913 1410 3988 poetam
1470 3919 1524 3966 et
1562 3907 1797 3966 Decium
1856 3905 2161 3964 obtinuisse
2175 3949 2191 3976 ‚
2238 3903 2390 3982 quod

495 4029 724 4096 uterque
775 4015 968 4077 indole
1023 4019 1230 4098 optima
1290 4031 1426 4076 esset
1440 4040 1456 4092 ;
1526 4025 1658 4094 {uae
1697 4034 1871 4094 quum
1909 4015 1969 4072 in
2014 4013 2229 4072 Lucilio
2266 4015 2395 4073 eni—

494 4129 685 4195 tuisset
729 4142 844 4188 tam
883 4129 1136 4190 versibus
1171 4128 1346 4188 malos
1384 4142 1437 4187 et
1473 4147 1667 4186 avaros
1710 4127 2122 4206 provinciarum
2155 4127 2394 4205 praefec-

494 4261 576 4312 ios
618 4242 918 4306 insectante
934 4285 954 4318 ,
991 4263 1157 4320 quam
1199 4241 1569 4303 continentiae
1610 4239 1864 4320 exemplo
1924 4260 2013 4298 eos
2066 4253 2357 4300 revocante
2378 4272 2404 4311 ,-

2132 4354 2170 4412 4
