3075 5392
1682 580 1759 638 45

779 787 966 844 randis
1011 786 1250 867 legibus,
1290 809 1452 867 quam
1497 788 1567 846 de
1610 789 1867 869 neglectis
1908 803 1961 848 et
2003 791 2335 869 antiquatis,
2376 791 2649 871 hujusque

779 901 1014 960 instituti
1046 903 1220 960 causis
1263 915 1316 960 et
1350 904 1476 977 jure
1517 899 1859 983 disputatum
1896 921 2011 961 esse
2052 921 2083 960 a
2122 901 2475 984 principibus
2510 905 2651 964 viris

777 1036 847 1074 ex
899 1014 1092 1073 inferis
1127 1015 1403 1086 excitatis,
1439 1015 1757 1096 praesertim
1814 1035 1849 1073 a
1884 1015 2084 1074 Solone
2102 1058 2119 1087 ,
2153 1017 2508 1096 perspicuum
2544 1029 2643 1076 est.

775 1128 989 1186 Praeter
1025 1128 1123 1186 hos
1165 1141 1549 1201 memorantur,
1586 1129 1685 1205 qui
1724 1126 1907 1187 adhuc
1948 1127 2211 1188 vivebant
2232 1171 2247 1201 ,
2288 1128 2647 1210 Myr-onides,

776 1242 979 1310 NiciaS,
1019 1259 1250 1318 quorum
1271 1239 1430 1298 illum
1451 1259 1579 1300 cum
1598 1239 1831 1310 Pericle,
1873 1240 2025 1299 hunc
2044 1260 2171 1299 cum
2190 1239 2429 1302 Aristide
2448 1261 2647 1300 sermo·

775 1373 902 1412 nem
939 1353 1218 1412 miscuisse
1239 1396 1256 1426 ‚
1297 1353 1602 1433 fragmenta
1640 1351 1855 1412 docent.
1950 1352 2129 1412 Simul
2168 1373 2301 1413 vero
2336 1355 2543 1413 mentio
2582 1355 2648 1413 fit

773 1478 828 1523 et
866 1477 1136 1524 oratorum
1175 1478 1228 1524 et
1267 1463 1653 1549 imperatorum
1666 1508 1683 1538 ,
1723 1485 1955 1544 quorum
1993 1464 2357 1525 imbecillitati
2396 1488 2482 1525 res
2510 1467 2649 1529 eivi-

771 1579 850 1639 les
905 1589 958 1636 et
1013 1577 1274 1638 militares
1312 1579 1628 1637 commissae
1672 1591 1847 1638 erant.
1936 1579 2006 1637 In
2044 1577 2133 1638 his
2168 1579 2540 1639 Demostratus
2592 1593 2647 1639 et

771 1691 988 1752 Phaeax
1010 1735 1028 1767 ,
1068 1690 1396 1772 Laespodias
1415 1735 1432 1764 ,
1491 1691 1773 1750 Damasias
1789 1735 1805 1764 ,
1848 1692 2173 1774 Telesippus
2195 1736 2211 1763 ,
2271 1693 2597 1776 Demophon
2628 1739 2647 1768 ,

771 1805 1088 1886 Theagenes
1138 1812 1377 1878 κατ-ιὼς,
1417 1805 1742 1874 menemus,
1784 1805 2143 1864 Antimachus
2183 1814 2207 1871 ὁ
2248 1810 2598 1884 τραπεζίτης
2622 1851 2641 1878 ,

770 1917 1152 2000 Phrynondas,
1191 1917 1260 1976 de
1299 1937 1531 1996 quorum
1573 1917 1806 1976 infantia
1845 1929 1899 1976 et
1934 1918 2176 1996 nequitia
2196 1919 2377 1998 Raspe
2412 1930 2467 1976 et
2503 1917 2649 1976 Mei:

771 2031 912 2089 neke
948 2031 1156 2112 egregie
1197 2029 1584 2089 disseruerunt.
1640 2031 1923 2090 Postremo
1961 2031 2227 2090 Pisistrati
2266 2045 2319 2090 et
2358 2031 2648 2090 Phormio-

771 2143 860 2202 nis
880 2187 896 2215 ,
955 2144 1050 2221 qui
1087 2145 1203 2220 jam
1245 2143 1461 2224 pridem
1499 2143 1843 2204 decesserant
1863 2189 1877 2214 ,
1938 2146 2253 2205 memoriam
2294 2147 2645 2205 instauratam

770 2258 936 2317 fuisse
977 2255 1222 2336 legimus.
1277 2259 1424 2316 Haec
1467 2256 2032 2318 animadvertentibus
2071 2259 2225 2318 haud
2256 2260 2523 2318 immerito
2552 2281 2640 2319 su·

767 2372 940 2452 spicio
991 2370 1164 2428 oritur
1183 2413 1198 2443 ,
1262 2371 1504 2450 Eupolin
1547 2391 1636 2428 eos
1676 2391 1863 2430 omnes
1879 2416 1895 2443 ,
1955 2372 2052 2450 qui
2070 2417 2087 2444 ,
2147 2395 2177 2430 e
2216 2373 2387 2432 variis
2426 2373 2638 2432 Atticae

767 2488 960 2562 δήμοις
997 2484 1238 2553 oriundi,
1281 2483 1461 2562 aliqua
1493 2484 1703 2542 ratione
1746 2483 2139 2564 rempublicam
2180 2484 2521 2558 attinebant,
2561 2484 2646 2543 si-

765 2615 834 2653 ve
895 2610 1128 2656 oratores
1185 2617 1242 2656 se
1283 2595 1473 2655 haberi
1533 2597 1743 2656 vellent
1784 2610 1838 2655 et
1878 2597 1941 2656 in
1980 2596 2243 2656 concione
2284 2598 2452 2676 verba
2494 2598 2644 2657 face—

765 2721 922 2781 rent,
965 2708 1080 2770 sive
1119 2710 1382 2768 exercitui
1423 2723 1477 2767 et
1517 2710 1673 2768 classi
1693 2724 2031 2790 praeessent,
2070 2713 2343 2791 exagitare
2382 2711 2490 2768 sibi
2509 2732 2643 2792 pro-

765 2824 1006 2904 posuisse
1021 2849 1036 2898 5
1082 2823 1262 2901 itaque
1281 2823 1506 2882 finxisse
1528 2822 1885 2904 Myr-onidem
1914 2836 1965 2882 et
1985 2825 2195 2883 Niciam
2232 2825 2475 2905 primum
2516 2845 2641 2882 cum

765 2935 1002 3014 antiquis
1039 2933 1391 3015 principibus
1431 2935 1853 2994 sermocinantes
1894 2949 1947 2994 et
1985 2935 2478 3016 interrogantibuS,
2517 2937 2642 3015 quis

765 3067 947 3106 rerum
987 3060 1158 3106 status
1197 3048 1268 3106 sit
1288 3089 1306 3120 ,
1369 3045 1784 3127 respondentest
1854 3061 1969 3106 tum
2010 3046 2275 3106 adductos
2316 3047 2389 3106 ad
2431 3048 2529 3107 hos
2568 3046 2641 3106 ab

767 3159 962 3220 iisdem
1003 3158 1306 3219 nebulones
1345 3161 1474 3219 istos
1487 3205 1503 3233 ,
1546 3159 1619 3218 ad
1660 3160 2055 3240 rempublicam
2094 3160 2337 3221 admotos
2356 3161 2643 3240 eidemque

765 3271 1032 3356 gerendae
1073 3293 1175 3334 nec
1215 3287 1382 3333 aetate
1425 3295 1526 3332 nec
1567 3274 1759 3355 peritia
1799 3294 1990 3354 pares3
2033 3273 2261 3335 tandem
2300 3296 2430 3335 vero
2469 3275 2641 3334 insti-

767 3392 928 3449 tuisse
969 3389 1285 3470 principum
1325 3387 1569 3468 singulos
1610 3400 2023 3446 commemorata
2062 3387 2197 3449 vitia
2216 3385 2640 3469 reprehendere,

765 3503 968 3582 quibus
1000 3501 1150 3560 vitiis
1183 3501 1388 3559 factum
1419 3513 1556 3559 esset
1588 3512 1647 3557 ut
1680 3499 1741 3558 in
1770 3513 2106 3581 praesentem
2145 3498 2518 3558 conditionem
2554 3517 2639 3556 res

766 3617 1030 3676 ruissent:
1094 3635 1202 3693 qua
1243 3615 1302 3672 in
1345 3634 1402 3672 re
1441 3612 1661 3672 Solonis
1701 3613 2020 3694 legislatoris
2037 3655 2055 3686 ,
2095 3611 2369 3672 Miltiadis
2409 3613 2637 3694 impera·

765 3731 896 3788 toris
914 3773 930 3802 ,
990 3726 1246 3789 Aristidis
1295 3727 1468 3805 justi,
1529 3725 1753 3786 Periclis
1812 3726 2035 3785 oratoris
2054 3767 2072 3798 ,
2130 3745 2259 3784 suae
2300 3725 2640 3806 singulorum

767 3856 946 3923 partes
987 3841 1336 3922 gravissimae
1387 3861 1502 3900 esse
1540 3839 1867 3900 debuerunt.
1950 3841 2127 3917 Atque
2166 3837 2465 3899 Aristidem
2512 3841 2643 3917 qui·-

765 3954 894 4014 dem
933 3952 1108 4014 multa
1149 3953 1220 4012 de
1269 3951 1599 4013 democratia
1638 3951 1869 4026 dixisse,
1908 3951 2179 4012 indicavit
2214 3951 2375 4011 nobis
2395 3949 2642 4032 Aphtho-

767 4068 849 4126 nii
909 4066 1224 4126 scholiastae
1285 4066 1435 4126 locus
1489 4065 1757 4125 laudatus.
1837 4067 2021 4146 Neque
2080 4079 2266 4126 tamen
2322 4065 2640 4146 principum

767 4180 1034 4240 orationes
1093 4179 1222 4239 illae
1269 4181 1565 4240 continuae
1602 4179 1771 4238 fuisse
1811 4177 2071 4240 videntur
2088 4225 2106 4254 ,
2166 4177 2267 4240 sed
2304 4179 2639 4260 interceptae

769 4294 998 4352 aliorum
1041 4292 1382 4352 sermonibus
1391 4315 1408 4366 3
1453 4312 1582 4351 nam
1625 4290 1776 4372 apud
1818 4290 2127 4352 Platonium
2167 4291 2205 4350 l.
2238 4291 2275 4350 l.
2318 4295 2638 4368 παραβάσει
