<?xml version="1.0" encoding="UTF-8"?>
<!DOCTYPE html PUBLIC "-//W3C//DTD XHTML 1.0 Transitional//EN"
    "http://www.w3.org/TR/xhtml1/DTD/xhtml1-transitional.dtd">
<html xmlns="http://www.w3.org/1999/xhtml" xml:lang="en" lang="en">
 <head>
  <title>
</title>
<meta http-equiv="Content-Type" content="text/html;charset=utf-8" />
  <meta name='ocr-system' content='tesseract 3.04.00' />
  <meta name='ocr-capabilities' content='ocr_page ocr_carea ocr_par ocr_line ocrx_word'/>
</head>
<body>
  <div class='ocr_page' id='page_1' title='image "./epistolaadcarfr00hermgoog_0055.png"; bbox 0 0 3075 5392; ppageno 0'>
   <div class='ocr_carea' id='block_1_1' title="bbox 1249 601 1325 660">
    <p class='ocr_par' dir='ltr' id='par_1_1' title="bbox 1249 601 1325 660">
     <span class='ocr_line' id='line_1_1' title="bbox 1249 601 1325 660; baseline 0 0"><span class='ocrx_word' id='word_1_1' title='bbox 1249 601 1325 660; x_wconf 87' lang='lat'><strong>47</strong></span> 
     </span>
    </p>
   </div>
   <div class='ocr_carea' id='block_1_2' title="bbox 366 793 2279 3358">
    <p class='ocr_par' dir='ltr' id='par_1_2' title="bbox 366 793 2279 3358">
     <span class='ocr_line' id='line_1_2' title="bbox 366 793 2243 877; baseline -0.007 -11"><span class='ocrx_word' id='word_1_2' title='bbox 366 805 634 877; x_wconf 78' lang='lat' dir='ltr'><strong>dixerim,</strong></span> <span class='ocrx_word' id='word_1_3' title='bbox 696 803 936 864; x_wconf 72' lang='lat' dir='ltr'><strong>debuit.»</strong></span> <span class='ocrx_word' id='word_1_4' title='bbox 1022 802 1168 860; x_wconf 84' lang='lat' dir='ltr'><strong>Hinc</strong></span> <span class='ocrx_word' id='word_1_5' title='bbox 1209 802 1270 858; x_wconf 85' lang='lat' dir='ltr'><strong>in</strong></span> <span class='ocrx_word' id='word_1_6' title='bbox 1317 797 1536 858; x_wconf 81' lang='lat' dir='ltr'><strong>fabulae</strong></span> <span class='ocrx_word' id='word_1_7' title='bbox 1575 809 1921 877; x_wconf 78' lang='lat' dir='ltr'><strong>argumentO,</strong></span> <span class='ocrx_word' id='word_1_8' title='bbox 1972 793 2123 874; x_wconf 82' lang='lat' dir='ltr'><strong>quod</strong></span> <span class='ocrx_word' id='word_1_9' title='bbox 2167 794 2243 853; x_wconf 88' lang='lat' dir='ltr'><strong>li·-</strong></span> 
     </span>
     <span class='ocr_line' id='line_1_3' title="bbox 369 911 2243 998; baseline -0.005 -19"><span class='ocrx_word' id='word_1_10' title='bbox 369 919 458 978; x_wconf 79' lang='lat' dir='ltr'><strong>bri</strong></span> <span class='ocrx_word' id='word_1_11' title='bbox 495 919 656 978; x_wconf 88' lang='lat' dir='ltr'><strong>initio</strong></span> <span class='ocrx_word' id='word_1_12' title='bbox 701 917 910 998; x_wconf 81' lang='lat' dir='ltr'><strong>posuit,</strong></span> <span class='ocrx_word' id='word_1_13' title='bbox 951 914 1086 976; x_wconf 81' lang='lat' dir='ltr'><strong>haee</strong></span> <span class='ocrx_word' id='word_1_14' title='bbox 1123 911 1302 972; x_wconf 80' lang='lat' dir='ltr'><strong>dixit:</strong></span> <span class='ocrx_word' id='word_1_15' title='bbox 1362 913 1663 974; x_wconf 74' lang='grc' dir='ltr'><strong><em>ὑπόκειται</em></strong></span> <span class='ocrx_word' id='word_1_16' title='bbox 1706 913 1731 970; x_wconf 81' lang='grc' dir='ltr'><strong><em>ὃ</em></strong></span> <span class='ocrx_word' id='word_1_17' title='bbox 1771 914 1941 985; x_wconf 69' lang='grc' dir='ltr'><strong><em>χορὸς</em></strong></span> <span class='ocrx_word' id='word_1_18' title='bbox 1978 915 2089 970; x_wconf 66' lang='grc' dir='ltr'><strong><em>τῶν</em></strong></span> <span class='ocrx_word' id='word_1_19' title='bbox 2128 912 2243 976; x_wconf 53' lang='lat' dir='ltr'><strong>Aa·</strong></span> 
     </span>
     <span class='ocr_line' id='line_1_4' title="bbox 373 1024 2247 1106; baseline -0.006 -13"><span class='ocrx_word' id='word_1_20' title='bbox 373 1056 516 1106; x_wconf 79' lang='grc' dir='ltr'><strong><em>μων,</em></strong></span> <span class='ocrx_word' id='word_1_21' title='bbox 559 1037 694 1100; x_wconf 73' lang='grc' dir='ltr'><strong><em>τοῦς</em></strong></span> <span class='ocrx_word' id='word_1_22' title='bbox 745 1030 990 1103; x_wconf 73' lang='grc' dir='ltr'><strong><em>ἐφήβους</em></strong></span> <span class='ocrx_word' id='word_1_23' title='bbox 1047 1029 1395 1101; x_wconf 75' lang='grc' dir='ltr'><strong><em>οἷνιαστήρια</em></strong></span> <span class='ocrx_word' id='word_1_24' title='bbox 1443 1025 1791 1094; x_wconf 70' lang='grc' dir='ltr'><strong>σπένδοντας</strong></span> <span class='ocrx_word' id='word_1_25' title='bbox 1842 1031 1925 1100; x_wconf 72' lang='grc' dir='ltr'><strong>τῷ</strong></span> <span class='ocrx_word' id='word_1_26' title='bbox 1960 1024 2247 1095; x_wconf 75' lang='grc' dir='ltr'><strong><em>Ἠρακλεῖ</em></strong></span> 
     </span>
     <span class='ocr_line' id='line_1_5' title="bbox 374 1135 2247 1223; baseline -0.006 -17"><span class='ocrx_word' id='word_1_27' title='bbox 374 1149 710 1223; x_wconf 70' lang='grc' dir='ltr'><strong><em>δοκιμάζων,</em></strong></span> <span class='ocrx_word' id='word_1_28' title='bbox 755 1147 883 1205; x_wconf 62' lang='lat' dir='ltr'><strong>&amp;iim</strong></span> <span class='ocrx_word' id='word_1_29' title='bbox 921 1165 990 1204; x_wconf 85' lang='grc' dir='ltr'><strong>τε</strong></span> <span class='ocrx_word' id='word_1_30' title='bbox 1019 1148 1118 1204; x_wconf 66' lang='grc' dir='ltr'><strong>καὶ</strong></span> <span class='ocrx_word' id='word_1_31' title='bbox 1156 1141 1561 1216; x_wconf 72' lang='grc' dir='ltr'><strong><em>εὐωχούμενος.</em></strong></span> <span class='ocrx_word' id='word_1_32' title='bbox 1616 1136 1838 1196; x_wconf 83' lang='lat' dir='ltr'><strong>Nemini</strong></span> <span class='ocrx_word' id='word_1_33' title='bbox 1872 1135 2247 1216; x_wconf 69' lang='lat' dir='ltr'><strong>arbitror-per·</strong></span> 
     </span>
     <span class='ocr_line' id='line_1_6' title="bbox 375 1247 2245 1329; baseline -0.005 -13"><span class='ocrx_word' id='word_1_34' title='bbox 375 1277 658 1316; x_wconf 74' lang='lat' dir='ltr'><strong>suasurum</strong></span> <span class='ocrx_word' id='word_1_35' title='bbox 677 1275 820 1328; x_wconf 83' lang='lat' dir='ltr'><strong>esse,</strong></span> <span class='ocrx_word' id='word_1_36' title='bbox 861 1253 1004 1312; x_wconf 89' lang='lat' dir='ltr'><strong>hanc</strong></span> <span class='ocrx_word' id='word_1_37' title='bbox 1037 1252 1208 1312; x_wconf 84' lang='lat' dir='ltr'><strong>solam</strong></span> <span class='ocrx_word' id='word_1_38' title='bbox 1228 1271 1464 1324; x_wconf 85' lang='lat' dir='ltr'><strong>causam,</strong></span> <span class='ocrx_word' id='word_1_39' title='bbox 1493 1248 1647 1329; x_wconf 85' lang='lat' dir='ltr'><strong>quod</strong></span> <span class='ocrx_word' id='word_1_40' title='bbox 1676 1251 1735 1309; x_wconf 88' lang='lat' dir='ltr'><strong>in</strong></span> <span class='ocrx_word' id='word_1_41' title='bbox 1760 1252 1969 1324; x_wconf 71' lang='grc' dir='ltr'><strong><em>Δήμοις</em></strong></span> <span class='ocrx_word' id='word_1_42' title='bbox 2010 1247 2081 1308; x_wconf 89' lang='lat' dir='ltr'><strong>de</strong></span> <span class='ocrx_word' id='word_1_43' title='bbox 2118 1248 2245 1307; x_wconf 85' lang='lat' dir='ltr'><strong>uui·</strong></span> 
     </span>
     <span class='ocr_line' id='line_1_7' title="bbox 375 1362 2249 1448; baseline -0.006 -18"><span class='ocrx_word' id='word_1_44' title='bbox 375 1391 532 1430; x_wconf 76' lang='lat' dir='ltr'><strong>versa</strong></span> <span class='ocrx_word' id='word_1_45' title='bbox 567 1366 851 1448; x_wconf 75' lang='lat' dir='ltr'><strong>republica</strong></span> <span class='ocrx_word' id='word_1_46' title='bbox 887 1364 1175 1444; x_wconf 79' lang='lat' dir='ltr'><strong>agebatur,</strong></span> <span class='ocrx_word' id='word_1_47' title='bbox 1219 1363 1468 1424; x_wconf 80' lang='lat' dir='ltr'><strong>sufficere</strong></span> <span class='ocrx_word' id='word_1_48' title='bbox 1499 1377 1563 1422; x_wconf 89' lang='lat' dir='ltr'><strong>ut</strong></span> <span class='ocrx_word' id='word_1_49' title='bbox 1591 1362 1855 1444; x_wconf 81' lang='lat' dir='ltr'><strong>probetur</strong></span> <span class='ocrx_word' id='word_1_50' title='bbox 1886 1384 1951 1421; x_wconf 86' lang='lat' dir='ltr'><strong>eo</strong></span> <span class='ocrx_word' id='word_1_51' title='bbox 1966 1406 1979 1432; x_wconf 91' lang='lat'><strong>,</strong></span> <span class='ocrx_word' id='word_1_52' title='bbox 2020 1363 2249 1422; x_wconf 80' lang='lat' dir='ltr'><strong>chorum</strong></span> 
     </span>
     <span class='ocr_line' id='line_1_8' title="bbox 375 1473 2255 1558; baseline -0.002 -18"><span class='ocrx_word' id='word_1_53' title='bbox 375 1484 565 1557; x_wconf 67' lang='grc' dir='ltr'><strong><em>δήμοις</em></strong></span> <span class='ocrx_word' id='word_1_54' title='bbox 605 1479 924 1538; x_wconf 83' lang='lat' dir='ltr'><strong>constitisse.</strong></span> <span class='ocrx_word' id='word_1_55' title='bbox 1005 1477 1301 1558; x_wconf 80' lang='lat' dir='ltr'><strong>Praecipue</strong></span> <span class='ocrx_word' id='word_1_56' title='bbox 1341 1498 1470 1538; x_wconf 80' lang='lat' dir='ltr'><strong>vero</strong></span> <span class='ocrx_word' id='word_1_57' title='bbox 1505 1477 1647 1536; x_wconf 84' lang='lat' dir='ltr'><strong>ratio</strong></span> <span class='ocrx_word' id='word_1_58' title='bbox 1686 1475 1825 1536; x_wconf 87' lang='lat' dir='ltr'><strong>mihi</strong></span> <span class='ocrx_word' id='word_1_59' title='bbox 1864 1473 2123 1534; x_wconf 72' lang='lat' dir='ltr'><strong>habenda</strong></span> <span class='ocrx_word' id='word_1_60' title='bbox 2160 1476 2255 1536; x_wconf 84' lang='lat' dir='ltr'><strong>vi-</strong></span> 
     </span>
     <span class='ocr_line' id='line_1_9' title="bbox 379 1588 2255 1672; baseline -0.002 -20"><span class='ocrx_word' id='word_1_61' title='bbox 379 1591 536 1652; x_wconf 77' lang='lat' dir='ltr'><strong>detur</strong></span> <span class='ocrx_word' id='word_1_62' title='bbox 546 1591 860 1672; x_wconf 79' lang='lat' dir='ltr'><strong>Aphtbouii</strong></span> <span class='ocrx_word' id='word_1_63' title='bbox 893 1589 1238 1664; x_wconf 81' lang='lat' dir='ltr'><strong>scholiastae,</strong></span> <span class='ocrx_word' id='word_1_64' title='bbox 1255 1611 1418 1670; x_wconf 86' lang='lat' dir='ltr'><strong>quem</strong></span> <span class='ocrx_word' id='word_1_65' title='bbox 1445 1589 1625 1650; x_wconf 81' lang='lat' dir='ltr'><strong>edidit</strong></span> <span class='ocrx_word' id='word_1_66' title='bbox 1644 1588 1839 1648; x_wconf 88' lang='lat' dir='ltr'><strong>Walz</strong></span> <span class='ocrx_word' id='word_1_67' title='bbox 1870 1589 2052 1650; x_wconf 80' lang='lat' dir='ltr'><strong>Rhett.</strong></span> <span class='ocrx_word' id='word_1_68' title='bbox 2076 1589 2175 1648; x_wconf 87' lang='lat' dir='ltr'><strong>Gr.</strong></span> <span class='ocrx_word' id='word_1_69' title='bbox 2195 1589 2255 1664; x_wconf 89' lang='lat'><strong>1,</strong></span> 
     </span>
     <span class='ocr_line' id='line_1_10' title="bbox 379 1701 2255 1786; baseline -0.003 -22"><span class='ocrx_word' id='word_1_70' title='bbox 379 1728 435 1786; x_wconf 91' lang='lat' dir='ltr'><strong>p.</strong></span> <span class='ocrx_word' id='word_1_71' title='bbox 457 1705 576 1764; x_wconf 82' lang='lat'><strong>646</strong></span> <span class='ocrx_word' id='word_1_72' title='bbox 608 1703 914 1785; x_wconf 78' lang='lat' dir='ltr'><strong>(indicante</strong></span> <span class='ocrx_word' id='word_1_73' title='bbox 931 1703 1217 1776; x_wconf 86' lang='lat' dir='ltr'><strong>Meiueke‚</strong></span> <span class='ocrx_word' id='word_1_74' title='bbox 1255 1705 1470 1783; x_wconf 78' lang='lat' dir='ltr'><strong>Fragm.</strong></span> <span class='ocrx_word' id='word_1_75' title='bbox 1490 1704 1639 1762; x_wconf 91' lang='lat' dir='ltr'><strong>Com.</strong></span> <span class='ocrx_word' id='word_1_76' title='bbox 1661 1702 1757 1762; x_wconf 87' lang='lat' dir='ltr'><strong>Gr.</strong></span> <span class='ocrx_word' id='word_1_77' title='bbox 1789 1702 1843 1762; x_wconf 89' lang='lat' dir='ltr'><strong>II</strong></span> <span class='ocrx_word' id='word_1_78' title='bbox 1856 1747 1873 1776; x_wconf 92' lang='lat'><strong>,</strong></span> <span class='ocrx_word' id='word_1_79' title='bbox 1920 1703 1981 1773; x_wconf 94' lang='lat' dir='ltr'><strong>l,</strong></span> <span class='ocrx_word' id='word_1_80' title='bbox 2003 1723 2061 1782; x_wconf 88' lang='lat' dir='ltr'><strong>p.</strong></span> <span class='ocrx_word' id='word_1_81' title='bbox 2082 1701 2255 1784; x_wconf 81' lang='lat'>456):</span> 
     </span>
     <span class='ocr_line' id='line_1_11' title="bbox 377 1817 2256 1894; baseline 0.001 -16"><span class='ocrx_word' id='word_1_82' title='bbox 377 1819 727 1894; x_wconf 69' lang='grc' dir='ltr'><strong>Ἀριστείδης</strong></span> <span class='ocrx_word' id='word_1_83' title='bbox 771 1823 975 1878; x_wconf 65' lang='grc' dir='ltr'><strong><em>πολλα</em></strong></span> <span class='ocrx_word' id='word_1_84' title='bbox 1012 1822 1134 1891; x_wconf 67' lang='grc' dir='ltr'><strong>περὶ</strong></span> <span class='ocrx_word' id='word_1_85' title='bbox 1171 1817 1555 1891; x_wconf 65' lang='grc' dir='ltr'><strong>δημοκρατίας</strong></span> <span class='ocrx_word' id='word_1_86' title='bbox 1594 1817 1927 1892; x_wconf 68' lang='grc' dir='ltr'><strong><em>δημηγορεῖ,</em></strong></span> <span class='ocrx_word' id='word_1_87' title='bbox 1970 1817 2155 1879; x_wconf 72' lang='grc' dir='ltr'><strong>ταῦτὸ</strong></span> <span class='ocrx_word' id='word_1_88' title='bbox 2192 1819 2256 1879; x_wconf 65' lang='grc' dir='ltr'><strong>δὲ</strong></span> 
     </span>
     <span class='ocr_line' id='line_1_12' title="bbox 384 1924 2255 1999; baseline -0.003 -9"><span class='ocrx_word' id='word_1_89' title='bbox 384 1932 559 1990; x_wconf 79' lang='grc' dir='ltr'><strong><em>τοῦτο</em></strong></span> <span class='ocrx_word' id='word_1_90' title='bbox 595 1927 755 1986; x_wconf 70' lang='grc' dir='ltr'><strong><em>καῖ-ὁ</em></strong></span> <span class='ocrx_word' id='word_1_91' title='bbox 795 1926 1084 1994; x_wconf 71' lang='grc' dir='ltr'><strong><em>Εὔπολις,</em></strong></span> <span class='ocrx_word' id='word_1_92' title='bbox 1144 1929 1266 1997; x_wconf 70' lang='grc' dir='ltr'><strong>περὶ</strong></span> <span class='ocrx_word' id='word_1_93' title='bbox 1307 1932 1649 1986; x_wconf 76' lang='grc' dir='ltr'><strong><em>παλαιῶν</em></strong></span> <span class='ocrx_word' id='word_1_94' title='bbox 1700 1924 1939 1998; x_wconf 68' lang='grc' dir='ltr'><strong><em>δήμων</em></strong></span> <span class='ocrx_word' id='word_1_95' title='bbox 1992 1925 2255 1999; x_wconf 74' lang='grc' dir='ltr'><strong><em>γράφων,</em></strong></span> 
     </span>
     <span class='ocr_line' id='line_1_13' title="bbox 386 2039 2259 2125; baseline -0.004 -21"><span class='ocrx_word' id='word_1_96' title='bbox 386 2048 698 2112; x_wconf 69' lang='grc' dir='ltr'><strong><em>πεποίηκεν.</em></strong></span> <span class='ocrx_word' id='word_1_97' title='bbox 744 2042 852 2100; x_wconf 86' lang='lat' dir='ltr'><strong>Hie&#39;</strong></span> <span class='ocrx_word' id='word_1_98' title='bbox 889 2040 1042 2100; x_wconf 90' lang='lat' dir='ltr'><strong>locus</strong></span> <span class='ocrx_word' id='word_1_99' title='bbox 1081 2060 1212 2100; x_wconf 87' lang='lat' dir='ltr'><strong>sane</strong></span> <span class='ocrx_word' id='word_1_100' title='bbox 1250 2039 1549 2098; x_wconf 82' lang='lat' dir='ltr'><strong>multorum</strong></span> <span class='ocrx_word' id='word_1_101' title='bbox 1586 2053 1662 2098; x_wconf 78' lang='lat' dir='ltr'><strong>est</strong></span> <span class='ocrx_word' id='word_1_102' title='bbox 1698 2040 1901 2112; x_wconf 87' lang='lat' dir='ltr'><strong>instar,</strong></span> <span class='ocrx_word' id='word_1_103' title='bbox 1930 2041 2137 2125; x_wconf 81' lang='lat' dir='ltr'><strong>quippe</strong></span> <span class='ocrx_word' id='word_1_104' title='bbox 2178 2059 2259 2097; x_wconf 89' lang='lat' dir='ltr'><strong>er·</strong></span> 
     </span>
     <span class='ocr_line' id='line_1_14' title="bbox 387 2151 2259 2232; baseline 0.001 -22"><span class='ocrx_word' id='word_1_105' title='bbox 387 2173 560 2212; x_wconf 84' lang='lat' dir='ltr'><strong>rorem</strong></span> <span class='ocrx_word' id='word_1_106' title='bbox 611 2153 931 2212; x_wconf 84' lang='lat' dir='ltr'><strong>tralatitium</strong></span> <span class='ocrx_word' id='word_1_107' title='bbox 988 2152 1184 2212; x_wconf 81' lang='lat' dir='ltr'><strong>tollens</strong></span> <span class='ocrx_word' id='word_1_108' title='bbox 1203 2197 1219 2224; x_wconf 88' lang='lat'><strong>,</strong></span> <span class='ocrx_word' id='word_1_109' title='bbox 1297 2173 1406 2232; x_wconf 87' lang='lat' dir='ltr'><strong>quo</strong></span> <span class='ocrx_word' id='word_1_110' title='bbox 1458 2155 1617 2228; x_wconf 76' lang='grc' dir='ltr'><strong><em>δῆμοι</em></strong></span> <span class='ocrx_word' id='word_1_111' title='bbox 1668 2151 1970 2212; x_wconf 86' lang='lat' dir='ltr'><strong>creduntur</strong></span> <span class='ocrx_word' id='word_1_112' title='bbox 2028 2152 2259 2212; x_wconf 88' lang='lat' dir='ltr'><strong>chorum</strong></span> 
     </span>
     <span class='ocr_line' id='line_1_15' title="bbox 387 2263 2265 2345; baseline -0.001 -21"><span class='ocrx_word' id='word_1_113' title='bbox 387 2267 634 2324; x_wconf 83' lang='lat' dir='ltr'><strong>effecisse.</strong></span> <span class='ocrx_word' id='word_1_114' title='bbox 716 2267 902 2345; x_wconf 84' lang='lat' dir='ltr'><strong>Neque</strong></span> <span class='ocrx_word' id='word_1_115' title='bbox 937 2267 1087 2326; x_wconf 84' lang='lat' dir='ltr'><strong>enim</strong></span> <span class='ocrx_word' id='word_1_116' title='bbox 1130 2264 1320 2340; x_wconf 82' lang='lat' dir='ltr'><strong>viden,</strong></span> <span class='ocrx_word' id='word_1_117' title='bbox 1379 2265 1428 2324; x_wconf 82' lang='lat' dir='ltr'><strong>si</strong></span> <span class='ocrx_word' id='word_1_118' title='bbox 1465 2265 1543 2324; x_wconf 84' lang='lat' dir='ltr'><strong>sic</strong></span> <span class='ocrx_word' id='word_1_119' title='bbox 1582 2276 1845 2324; x_wconf 79' lang='lat' dir='ltr'><strong>statuatur</strong></span> <span class='ocrx_word' id='word_1_120' title='bbox 1862 2307 1897 2339; x_wconf 84' lang='lat'><strong>,.</strong></span> <span class='ocrx_word' id='word_1_121' title='bbox 1921 2263 2060 2343; x_wconf 87' lang='lat' dir='ltr'><strong>quid</strong></span> <span class='ocrx_word' id='word_1_122' title='bbox 2100 2264 2265 2324; x_wconf 76' lang='lat' dir='ltr'><strong>scho-</strong></span> 
     </span>
     <span class='ocr_line' id='line_1_16' title="bbox 393 2377 2265 2460; baseline 0 -24"><span class='ocrx_word' id='word_1_123' title='bbox 393 2377 570 2438; x_wconf 86' lang='lat' dir='ltr'><strong>liastes</strong></span> <span class='ocrx_word' id='word_1_124' title='bbox 641 2378 1030 2458; x_wconf 78' lang='lat' dir='ltr'><strong>significaverit</strong></span> <span class='ocrx_word' id='word_1_125' title='bbox 1082 2377 1322 2438; x_wconf 89' lang='lat' dir='ltr'><strong>dicendo</strong></span> <span class='ocrx_word' id='word_1_126' title='bbox 1339 2423 1360 2454; x_wconf 93' lang='lat'><strong>,</strong></span> <span class='ocrx_word' id='word_1_127' title='bbox 1411 2378 1659 2460; x_wconf 86' lang='lat' dir='ltr'><strong>Eupolin</strong></span> <span class='ocrx_word' id='word_1_128' title='bbox 1694 2377 1765 2436; x_wconf 85' lang='lat' dir='ltr'><strong>de</strong></span> <span class='ocrx_word' id='word_1_129' title='bbox 1802 2379 2045 2458; x_wconf 82' lang='lat' dir='ltr'><strong>antiquis</strong></span> <span class='ocrx_word' id='word_1_130' title='bbox 2084 2377 2265 2438; x_wconf 86' lang='lat' dir='ltr'><strong>demis</strong></span> 
     </span>
     <span class='ocr_line' id='line_1_17' title="bbox 391 2489 2269 2574; baseline -0.001 -22"><span class='ocrx_word' id='word_1_131' title='bbox 391 2494 684 2574; x_wconf 83' lang='lat' dir='ltr'><strong>scripsisse.</strong></span> <span class='ocrx_word' id='word_1_132' title='bbox 786 2494 966 2567; x_wconf 83' lang='lat' dir='ltr'><strong>Quare</strong></span> <span class='ocrx_word' id='word_1_133' title='bbox 1020 2493 1268 2574; x_wconf 86' lang='lat' dir='ltr'><strong>praefero</strong></span> <span class='ocrx_word' id='word_1_134' title='bbox 1325 2492 1441 2565; x_wconf 85' lang='lat' dir='ltr'><strong>his,</strong></span> <span class='ocrx_word' id='word_1_135' title='bbox 1495 2491 1645 2572; x_wconf 87' lang='lat' dir='ltr'><strong>quod</strong></span> <span class='ocrx_word' id='word_1_136' title='bbox 1698 2493 1760 2550; x_wconf 85' lang='lat' dir='ltr'><strong>in</strong></span> <span class='ocrx_word' id='word_1_137' title='bbox 1798 2493 2153 2550; x_wconf 83' lang='lat' dir='ltr'><strong>annotatione</strong></span> <span class='ocrx_word' id='word_1_138' title='bbox 2192 2489 2269 2550; x_wconf 87' lang='lat' dir='ltr'><strong>ad</strong></span> 
     </span>
     <span class='ocr_line' id='line_1_18' title="bbox 394 2603 2263 2686; baseline -0.003 -19"><span class='ocrx_word' id='word_1_139' title='bbox 394 2610 560 2686; x_wconf 81' lang='lat' dir='ltr'><strong>Amy</strong></span> <span class='ocrx_word' id='word_1_140' title='bbox 573 2606 672 2664; x_wconf 89' lang='lat' dir='ltr'><strong>oti</strong></span> <span class='ocrx_word' id='word_1_141' title='bbox 702 2605 971 2664; x_wconf 88' lang='lat' dir='ltr'><strong>Pericleae</strong></span> <span class='ocrx_word' id='word_1_142' title='bbox 1010 2607 1151 2664; x_wconf 84' lang='lat' dir='ltr'><strong>vitae</strong></span> <span class='ocrx_word' id='word_1_143' title='bbox 1180 2605 1485 2664; x_wconf 82' lang='lat' dir='ltr'><strong>versionem</strong></span> <span class='ocrx_word' id='word_1_144' title='bbox 1521 2603 1657 2685; x_wconf 76' lang='lat' dir='ltr'><strong>(vol.</strong></span> <span class='ocrx_word' id='word_1_145' title='bbox 1676 2606 1733 2663; x_wconf 94' lang='lat' dir='ltr'><strong>II</strong></span> <span class='ocrx_word' id='word_1_146' title='bbox 1770 2626 1829 2686; x_wconf 91' lang='lat' dir='ltr'><strong>p.</strong></span> <span class='ocrx_word' id='word_1_147' title='bbox 1856 2604 1993 2684; x_wconf 80' lang='lat'>164)</span> <span class='ocrx_word' id='word_1_148' title='bbox 2034 2604 2263 2685; x_wconf 82' lang='lat' dir='ltr'><strong>legitur:</strong></span> 
     </span>
     <span class='ocr_line' id='line_1_19' title="bbox 397 2717 2269 2796; baseline 0.002 -24"><span class='ocrx_word' id='word_1_149' title='bbox 397 2741 427 2784; x_wconf 72' lang='grc' dir='ltr'><strong>ς(</strong></span> <span class='ocrx_word' id='word_1_150' title='bbox 459 2717 700 2796; x_wconf 75' lang='lat' dir='ltr'><strong>Eupolis</strong></span> <span class='ocrx_word' id='word_1_151' title='bbox 719 2725 914 2792; x_wconf 82' lang='lat' dir='ltr'><strong>jouoit</strong></span> <span class='ocrx_word' id='word_1_152' title='bbox 949 2718 988 2774; x_wconf 81' lang='grc' dir='ltr'><strong>ιὶ</strong></span> <span class='ocrx_word' id='word_1_153' title='bbox 1036 2739 1096 2774; x_wconf 81' lang='lat' dir='ltr'><strong>ee</strong></span> <span class='ocrx_word' id='word_1_154' title='bbox 1135 2718 1278 2794; x_wconf 81' lang='lat' dir='ltr'><strong>qu’il</strong></span> <span class='ocrx_word' id='word_1_155' title='bbox 1306 2724 1503 2794; x_wconf 76' lang='lat' dir='ltr'><strong>paruit</strong></span> <span class='ocrx_word' id='word_1_156' title='bbox 1544 2718 1691 2774; x_wconf 66' lang='lat' dir='ltr'><strong>dans</strong></span> <span class='ocrx_word' id='word_1_157' title='bbox 1718 2727 1861 2774; x_wconf 78' lang='lat' dir='ltr'><strong>cette</strong></span> <span class='ocrx_word' id='word_1_158' title='bbox 1899 2719 2141 2774; x_wconf 57' lang='lat' dir='ltr'><strong>comedia</strong></span> <span class='ocrx_word' id='word_1_159' title='bbox 2188 2719 2269 2776; x_wconf 69' lang='lat' dir='ltr'><strong>loe</strong></span> 
     </span>
     <span class='ocr_line' id='line_1_20' title="bbox 396 2827 2273 2910; baseline -0.001 -20"><span class='ocrx_word' id='word_1_160' title='bbox 396 2831 707 2910; x_wconf 48' lang='lat' dir='ltr'><strong>differentis</strong></span> <span class='ocrx_word' id='word_1_161' title='bbox 731 2833 963 2909; x_wconf 65' lang='lat' dir='ltr'><strong>peuples</strong></span> <span class='ocrx_word' id='word_1_162' title='bbox 992 2833 1058 2888; x_wconf 78' lang='lat' dir='ltr'><strong>de</strong></span> <span class='ocrx_word' id='word_1_163' title='bbox 1087 2833 1392 2908; x_wconf 72' lang='lat' dir='ltr'><strong>l’Attique.</strong></span> <span class='ocrx_word' id='word_1_164' title='bbox 1413 2853 1442 2886; x_wconf 65' lang='grc' dir='ltr'><strong>ι»</strong></span> <span class='ocrx_word' id='word_1_165' title='bbox 1493 2829 1759 2888; x_wconf 78' lang='lat' dir='ltr'><strong>Similiter</strong></span> <span class='ocrx_word' id='word_1_166' title='bbox 1792 2829 1847 2888; x_wconf 88' lang='lat' dir='ltr'>X</span> <span class='ocrx_word' id='word_1_167' title='bbox 1863 2827 2123 2910; x_wconf 84' lang='lat' dir='ltr'><strong>ylande</strong></span> <span class='ocrx_word' id='word_1_168' title='bbox 2141 2852 2169 2887; x_wconf 89' lang='lat' dir='ltr'><strong>r</strong></span> <span class='ocrx_word' id='word_1_169' title='bbox 2198 2827 2273 2888; x_wconf 87' lang='lat' dir='ltr'><strong>ad.</strong></span> 
     </span>
     <span class='ocr_line' id='line_1_21' title="bbox 398 2943 2273 3026; baseline 0.001 -24"><span class='ocrx_word' id='word_1_170' title='bbox 398 2944 590 3002; x_wconf 84' lang='lat' dir='ltr'><strong>Pericl.</strong></span> <span class='ocrx_word' id='word_1_171' title='bbox 623 2945 766 3003; x_wconf 86' lang='lat' dir='ltr'><strong>vitae</strong></span> <span class='ocrx_word' id='word_1_172' title='bbox 795 2964 842 3002; x_wconf 88' lang='lat' dir='ltr'><strong>c.</strong></span> <span class='ocrx_word' id='word_1_173' title='bbox 865 2943 928 3004; x_wconf 90' lang='lat'><strong>3:</strong></span> <span class='ocrx_word' id='word_1_174' title='bbox 975 2967 1004 2999; x_wconf 85' lang='lat'>«</span> <span class='ocrx_word' id='word_1_175' title='bbox 1025 2943 1266 3026; x_wconf 86' lang='lat' dir='ltr'><strong>Eupolis.</strong></span> <span class='ocrx_word' id='word_1_176' title='bbox 1285 2952 1348 3002; x_wconf 81' lang='lat' dir='ltr'><strong>in</strong></span> <span class='ocrx_word' id='word_1_177' title='bbox 1369 2947 1614 3022; x_wconf 70' lang='lat' dir='ltr'><strong>papulis.</strong></span> <span class='ocrx_word' id='word_1_178' title='bbox 1657 2945 1837 3002; x_wconf 78' lang='lat' dir='ltr'><strong>Etiam</strong></span> <span class='ocrx_word' id='word_1_179' title='bbox 1866 2951 1931 3000; x_wconf 78' lang='lat' dir='ltr'><strong>in</strong></span> <span class='ocrx_word' id='word_1_180' title='bbox 1962 2949 2148 3001; x_wconf 74' lang='lat' dir='ltr'><strong>curiis</strong></span> <span class='ocrx_word' id='word_1_181' title='bbox 2176 2964 2273 3024; x_wconf 91' lang='lat' dir='ltr'><strong>po-</strong></span> 
     </span>
     <span class='ocr_line' id='line_1_22' title="bbox 401 3053 2275 3140; baseline 0.001 -25"><span class='ocrx_word' id='word_1_182' title='bbox 401 3069 503 3116; x_wconf 89' lang='lat' dir='ltr'><strong>test</strong></span> <span class='ocrx_word' id='word_1_183' title='bbox 522 3059 764 3140; x_wconf 79' lang='lat' dir='ltr'><strong>exponi:</strong></span> <span class='ocrx_word' id='word_1_184' title='bbox 807 3071 858 3116; x_wconf 90' lang='lat' dir='ltr'><strong>et</strong></span> <span class='ocrx_word' id='word_1_185' title='bbox 895 3055 1117 3116; x_wconf 78' lang='lat' dir='ltr'><strong>videtur</strong></span> <span class='ocrx_word' id='word_1_186' title='bbox 1155 3079 1184 3116; x_wconf 88' lang='lat' dir='ltr'><strong>e</strong></span> <span class='ocrx_word' id='word_1_187' title='bbox 1202 3058 1492 3116; x_wconf 86' lang='lat' dir='ltr'><strong>uriatim</strong></span> <span class='ocrx_word' id='word_1_188' title='bbox 1531 3058 1591 3116; x_wconf 84' lang='lat' dir='ltr'><strong>in</strong></span> <span class='ocrx_word' id='word_1_189' title='bbox 1630 3079 1693 3116; x_wconf 88' lang='lat' dir='ltr'><strong>ea</strong></span> <span class='ocrx_word' id='word_1_190' title='bbox 1732 3053 2011 3116; x_wconf 85' lang='lat' dir='ltr'><strong>comoedia</strong></span> <span class='ocrx_word' id='word_1_191' title='bbox 2050 3077 2275 3116; x_wconf 72' lang='lat' dir='ltr'><strong>vexasse</strong></span> 
     </span>
     <span class='ocr_line' id='line_1_23' title="bbox 403 3166 2276 3251; baseline 0.001 -20"><span class='ocrx_word' id='word_1_192' title='bbox 403 3172 760 3230; x_wconf 82' lang='lat' dir='ltr'><strong>Athenienses</strong></span> <span class='ocrx_word' id='word_1_193' title='bbox 813 3176 1021 3251; x_wconf 69' lang='lat' dir='ltr'><strong>poeta.»</strong></span> <span class='ocrx_word' id='word_1_194' title='bbox 1105 3169 1306 3242; x_wconf 89' lang='lat' dir='ltr'><strong>Quaeri</strong></span> <span class='ocrx_word' id='word_1_195' title='bbox 1361 3181 1569 3248; x_wconf 89' lang='lat' dir='ltr'><strong>potest,</strong></span> <span class='ocrx_word' id='word_1_196' title='bbox 1610 3166 1791 3245; x_wconf 89' lang='lat' dir='ltr'><strong>qualis</strong></span> <span class='ocrx_word' id='word_1_197' title='bbox 1842 3167 2039 3228; x_wconf 86' lang='lat' dir='ltr'><strong>chorus</strong></span> <span class='ocrx_word' id='word_1_198' title='bbox 2093 3171 2276 3232; x_wconf 86' lang='lat' dir='ltr'><strong>fuerit.</strong></span> 
     </span>
     <span class='ocr_line' id='line_1_24' title="bbox 402 3280 2279 3358; baseline -0.002 -12"><span class='ocrx_word' id='word_1_199' title='bbox 402 3285 527 3346; x_wconf 87' lang='lat' dir='ltr'><strong>Non</strong></span> <span class='ocrx_word' id='word_1_200' title='bbox 569 3282 862 3357; x_wconf 82' lang='lat' dir='ltr'><strong>definiam,</strong></span> <span class='ocrx_word' id='word_1_201' title='bbox 914 3280 1203 3341; x_wconf 86' lang='lat' dir='ltr'><strong>destitutus</strong></span> <span class='ocrx_word' id='word_1_202' title='bbox 1257 3281 1599 3358; x_wconf 85' lang='lat' dir='ltr'><strong>antiquitatis</strong></span> <span class='ocrx_word' id='word_1_203' title='bbox 1638 3281 1977 3340; x_wconf 86' lang='lat' dir='ltr'><strong>testimoniis.</strong></span> <span class='ocrx_word' id='word_1_204' title='bbox 2059 3283 2279 3342; x_wconf 84' lang='lat' dir='ltr'><strong>Memo-</strong></span> 
     </span>
    </p>
   </div>
   <div class='ocr_carea' id='block_1_3' title="bbox 403 3391 2379 4268">
    <p class='ocr_par' dir='ltr' id='par_1_3' title="bbox 403 3391 2379 4268">
     <span class='ocr_line' id='line_1_25' title="bbox 403 3391 2280 3477; baseline 0.001 -23"><span class='ocrx_word' id='word_1_205' title='bbox 403 3395 580 3455; x_wconf 87' lang='lat' dir='ltr'><strong>rabile</strong></span> <span class='ocrx_word' id='word_1_206' title='bbox 637 3405 767 3456; x_wconf 79' lang='lat' dir='ltr'><strong>&#39;vero</strong></span> <span class='ocrx_word' id='word_1_207' title='bbox 826 3407 933 3466; x_wconf 87' lang='lat' dir='ltr'><strong>est,</strong></span> <span class='ocrx_word' id='word_1_208' title='bbox 994 3391 1146 3471; x_wconf 84' lang='lat' dir='ltr'><strong>quod</strong></span> <span class='ocrx_word' id='word_1_209' title='bbox 1185 3392 1466 3452; x_wconf 87' lang='lat' dir='ltr'><strong>Platonius</strong></span> <span class='ocrx_word' id='word_1_210' title='bbox 1527 3392 1605 3450; x_wconf 87' lang='lat' dir='ltr'><strong>ait</strong></span> <span class='ocrx_word' id='word_1_211' title='bbox 1659 3391 1728 3452; x_wconf 89' lang='lat' dir='ltr'><strong>de</strong></span> <span class='ocrx_word' id='word_1_212' title='bbox 1788 3393 2031 3454; x_wconf 87' lang='lat' dir='ltr'><strong>comoed.</strong></span> <span class='ocrx_word' id='word_1_213' title='bbox 2070 3418 2128 3477; x_wconf 89' lang='lat' dir='ltr'><strong>p.</strong></span> <span class='ocrx_word' id='word_1_214' title='bbox 2170 3397 2280 3459; x_wconf 80' lang='lat'><strong>27=</strong></span> 
     </span>
     <span class='ocr_line' id='line_1_26' title="bbox 411 3507 2279 3585; baseline 0.001 -14"><span class='ocrx_word' id='word_1_215' title='bbox 411 3513 526 3568; x_wconf 74' lang='grc' dir='ltr'><strong>Κοιῖ</strong></span> <span class='ocrx_word' id='word_1_216' title='bbox 568 3507 730 3582; x_wconf 68' lang='grc' dir='ltr'><strong><em>ἤνπερ</em></strong></span> <span class='ocrx_word' id='word_1_217' title='bbox 773 3507 830 3566; x_wconf 77' lang='grc' dir='ltr'><strong><em>ἐν</em></strong></span> <span class='ocrx_word' id='word_1_218' title='bbox 872 3511 943 3578; x_wconf 71' lang='grc' dir='ltr'><strong>τῇ</strong></span> <span class='ocrx_word' id='word_1_219' title='bbox 981 3507 1305 3580; x_wconf 72' lang='grc' dir='ltr'><strong><em>παραβάσει</em></strong></span> <span class='ocrx_word' id='word_1_220' title='bbox 1335 3507 1664 3582; x_wconf 82' lang='grc' dir='ltr'><strong><em>Φαντασῖαν</em></strong></span> <span class='ocrx_word' id='word_1_221' title='bbox 1702 3512 1944 3570; x_wconf 75' lang='grc' dir='ltr'><strong><em>κινοῦσιν</em></strong></span> <span class='ocrx_word' id='word_1_222' title='bbox 1982 3513 2034 3570; x_wconf 72' lang='grc' dir='ltr'><strong>οἵ</strong></span> <span class='ocrx_word' id='word_1_223' title='bbox 2070 3518 2279 3585; x_wconf 70' lang='grc' dir='ltr'><strong><em>λοιποὶ,</em></strong></span> 
     </span>
     <span class='ocr_line' id='line_1_27' title="bbox 409 3616 2283 3700; baseline 0.006 -22"><span class='ocrx_word' id='word_1_224' title='bbox 409 3623 633 3686; x_wconf 70' lang='grc' dir='ltr'><strong><em>ταύτην</em></strong></span> <span class='ocrx_word' id='word_1_225' title='bbox 693 3616 1020 3694; x_wconf 73' lang='grc' dir='ltr'><strong><em>(Εὔπολις)</em></strong></span> <span class='ocrx_word' id='word_1_226' title='bbox 1074 3617 1130 3678; x_wconf 79' lang='grc' dir='ltr'><strong><em>ἐν</em></strong></span> <span class='ocrx_word' id='word_1_227' title='bbox 1175 3625 1295 3690; x_wconf 80' lang='grc' dir='ltr'><strong><em>τοῖς</em></strong></span> <span class='ocrx_word' id='word_1_228' title='bbox 1361 3621 1667 3694; x_wconf 71' lang='grc' dir='ltr'><strong><em>δράμασιν,</em></strong></span> <span class='ocrx_word' id='word_1_229' title='bbox 1726 3625 2041 3700; x_wconf 72' lang='grc' dir='ltr'><strong><em>ἀναγαγεῖν</em></strong></span> <span class='ocrx_word' id='word_1_230' title='bbox 2091 3631 2283 3700; x_wconf 72' lang='grc' dir='ltr'><strong><em>ἵκανὸς</em></strong></span> 
     </span>
     <span class='ocr_line' id='line_1_28' title="bbox 410 3730 2281 3818; baseline 0.005 -26"><span class='ocrx_word' id='word_1_231' title='bbox 410 3730 479 3792; x_wconf 66' lang='lat' dir='ltr'><strong>itm</strong></span> <span class='ocrx_word' id='word_1_232' title='bbox 517 3731 586 3808; x_wconf 80' lang='grc' dir='ltr'><strong>ἐξ</strong></span> <span class='ocrx_word' id='word_1_233' title='bbox 619 3732 816 3794; x_wconf 63' lang='grc' dir='ltr'><strong><em>“Ἀιδου</em></strong></span> <span class='ocrx_word' id='word_1_234' title='bbox 856 3739 1154 3809; x_wconf 74' lang='grc' dir='ltr'><strong><em>νομοθετῶν</em></strong></span> <span class='ocrx_word' id='word_1_235' title='bbox 1195 3735 1498 3808; x_wconf 76' lang='grc' dir='ltr'><strong><em>πρόσωπα,</em></strong></span> <span class='ocrx_word' id='word_1_236' title='bbox 1541 3742 1637 3795; x_wconf 66' lang='lat' dir='ltr'><strong>uoci</strong></span> <span class='ocrx_word' id='word_1_237' title='bbox 1674 3731 1750 3796; x_wconf 75' lang='grc' dir='ltr'><strong>δι’</strong></span> <span class='ocrx_word' id='word_1_238' title='bbox 1792 3739 1979 3801; x_wconf 75' lang='grc' dir='ltr'><strong><em>αὐτῶν</em></strong></span> <span class='ocrx_word' id='word_1_239' title='bbox 2016 3741 2281 3818; x_wconf 71' lang='grc' dir='ltr'><strong><em>εἰσηγού-</em></strong></span> 
     </span>
     <span class='ocr_line' id='line_1_29' title="bbox 411 3850 2286 3927; baseline 0.003 -17"><span class='ocrx_word' id='word_1_240' title='bbox 411 3872 572 3920; x_wconf 79' lang='grc' dir='ltr'><strong><em>μενος</em></strong></span> <span class='ocrx_word' id='word_1_241' title='bbox 611 3850 640 3918; x_wconf 69' lang='lat'><strong>³3</strong></span> <span class='ocrx_word' id='word_1_242' title='bbox 683 3855 804 3924; x_wconf 69' lang='grc' dir='ltr'><strong>περὶ</strong></span> <span class='ocrx_word' id='word_1_243' title='bbox 846 3853 1034 3919; x_wconf 77' lang='grc' dir='ltr'><strong><em>θέσεως</em></strong></span> <span class='ocrx_word' id='word_1_244' title='bbox 1073 3853 1245 3922; x_wconf 78' lang='grc' dir='ltr'><strong><em>νόμων</em></strong></span> <span class='ocrx_word' id='word_1_245' title='bbox 1285 3851 1314 3918; x_wconf 71' lang='grc' dir='ltr'><strong>ἢ</strong></span> <span class='ocrx_word' id='word_1_246' title='bbox 1355 3855 1763 3923; x_wconf 77' lang='grc' dir='ltr'><strong><em>καταλύσεως.</em></strong></span> <span class='ocrx_word' id='word_1_247' title='bbox 1841 3852 2057 3927; x_wconf 86' lang='lat' dir='ltr'><strong>Quibus</strong></span> <span class='ocrx_word' id='word_1_248' title='bbox 2099 3857 2286 3920; x_wconf 84' lang='lat' dir='ltr'><strong>verbis</strong></span> 
     </span>
     <span class='ocr_line' id='line_1_30' title="bbox 415 3960 2289 4050; baseline 0.006 -32"><span class='ocrx_word' id='word_1_249' title='bbox 415 3960 774 4042; x_wconf 84' lang='lat' dir='ltr'><strong>intelligitur,</strong></span> <span class='ocrx_word' id='word_1_250' title='bbox 834 3960 895 4018; x_wconf 90' lang='lat' dir='ltr'><strong>in</strong></span> <span class='ocrx_word' id='word_1_251' title='bbox 955 3961 1122 4020; x_wconf 85' lang='lat' dir='ltr'><strong>variis</strong></span> <span class='ocrx_word' id='word_1_252' title='bbox 1180 3961 1472 4022; x_wconf 84' lang='lat' dir='ltr'><strong>comoediis</strong></span> <span class='ocrx_word' id='word_1_253' title='bbox 1533 3963 1779 4044; x_wconf 88' lang='lat' dir='ltr'><strong>Eupolin</strong></span> <span class='ocrx_word' id='word_1_254' title='bbox 1836 3969 2016 4026; x_wconf 86' lang='lat' dir='ltr'><strong>varios</strong></span> <span class='ocrx_word' id='word_1_255' title='bbox 2077 3969 2289 4050; x_wconf 85' lang='lat' dir='ltr'><strong>legisla-</strong></span> 
     </span>
     <span class='ocr_line' id='line_1_31' title="bbox 413 4073 2289 4158; baseline 0.005 -25"><span class='ocrx_word' id='word_1_256' title='bbox 413 4086 556 4134; x_wconf 85' lang='lat' dir='ltr'><strong>tores</strong></span> <span class='ocrx_word' id='word_1_257' title='bbox 596 4097 666 4134; x_wconf 83' lang='lat' dir='ltr'><strong>ex</strong></span> <span class='ocrx_word' id='word_1_258' title='bbox 703 4095 828 4134; x_wconf 89' lang='lat' dir='ltr'><strong>orco</strong></span> <span class='ocrx_word' id='word_1_259' title='bbox 885 4073 1170 4147; x_wconf 79' lang='lat' dir='ltr'><strong>excitasse,</strong></span> <span class='ocrx_word' id='word_1_260' title='bbox 1215 4075 1313 4153; x_wconf 89' lang='lat' dir='ltr'><strong>qui</strong></span> <span class='ocrx_word' id='word_1_261' title='bbox 1361 4088 1458 4136; x_wconf 88' lang='lat' dir='ltr'><strong>aut</strong></span> <span class='ocrx_word' id='word_1_262' title='bbox 1505 4074 1577 4134; x_wconf 87' lang='lat' dir='ltr'><strong>de</strong></span> <span class='ocrx_word' id='word_1_263' title='bbox 1619 4076 1799 4158; x_wconf 81' lang='lat' dir='ltr'><strong>legum</strong></span> <span class='ocrx_word' id='word_1_264' title='bbox 1841 4079 2043 4138; x_wconf 85' lang='lat' dir='ltr'><strong>latione</strong></span> <span class='ocrx_word' id='word_1_265' title='bbox 2084 4094 2177 4140; x_wconf 86' lang='lat' dir='ltr'><strong>aut</strong></span> <span class='ocrx_word' id='word_1_266' title='bbox 2218 4080 2289 4142; x_wconf 88' lang='lat' dir='ltr'><strong>de</strong></span> 
     </span>
     <span class='ocr_line' id='line_1_32' title="bbox 415 4167 2379 4268; baseline 0.005 -22"><span class='ocrx_word' id='word_1_267' title='bbox 415 4167 772 4248; x_wconf 78' lang='lat' dir='ltr'><strong>dissolutione</strong></span> <span class='ocrx_word' id='word_1_268' title='bbox 809 4200 1052 4268; x_wconf 80' lang='lat' dir='ltr'><strong>agerent,</strong></span> <span class='ocrx_word' id='word_1_269' title='bbox 1094 4201 1156 4245; x_wconf 88' lang='lat' dir='ltr'><strong>ut</strong></span> <span class='ocrx_word' id='word_1_270' title='bbox 1175 4188 1429 4248; x_wconf 83' lang='lat' dir='ltr'><strong>Cratinus</strong></span> <span class='ocrx_word' id='word_1_271' title='bbox 1467 4210 1682 4268; x_wconf 84' lang='lat' dir='ltr'><strong>quoque</strong></span> <span class='ocrx_word' id='word_1_272' title='bbox 1702 4189 1959 4250; x_wconf 88' lang='lat' dir='ltr'><strong>Solonem</strong></span> <span class='ocrx_word' id='word_1_273' title='bbox 1994 4193 2055 4251; x_wconf 86' lang='lat' dir='ltr'><strong>in</strong></span> <span class='ocrx_word' id='word_1_274' title='bbox 2097 4194 2287 4254; x_wconf 84' lang='lat' dir='ltr'><strong>fabula</strong></span> <span class='ocrx_word' id='word_1_275' title='bbox 2373 4253 2379 4261; x_wconf 77' lang='grc'><strong><em>,</em></strong></span> 
     </span>
    </p>
   </div>
   <div class='ocr_carea' id='block_1_4' title="bbox 417 4301 2292 4380">
    <p class='ocr_par' dir='ltr' id='par_1_4' title="bbox 417 4301 2292 4380">
     <span class='ocr_line' id='line_1_33' title="bbox 417 4301 2292 4380; baseline 0.003 -18"><span class='ocrx_word' id='word_1_276' title='bbox 417 4325 484 4362; x_wconf 78' lang='lat' dir='ltr'><strong>ex</strong></span> <span class='ocrx_word' id='word_1_277' title='bbox 528 4304 718 4376; x_wconf 75' lang='lat' dir='ltr'><strong>inferis</strong></span> <span class='ocrx_word' id='word_1_278' title='bbox 760 4302 974 4360; x_wconf 82' lang='lat' dir='ltr'><strong>accivit.</strong></span> <span class='ocrx_word' id='word_1_279' title='bbox 1059 4304 1232 4379; x_wconf 83' lang='lat' dir='ltr'><strong>Atque</strong></span> <span class='ocrx_word' id='word_1_280' title='bbox 1275 4302 1332 4360; x_wconf 84' lang='lat' dir='ltr'><strong>in</strong></span> <span class='ocrx_word' id='word_1_281' title='bbox 1378 4301 1563 4360; x_wconf 84' lang='lat' dir='ltr'><strong>Demis</strong></span> <span class='ocrx_word' id='word_1_282' title='bbox 1605 4302 1827 4380; x_wconf 87' lang='lat' dir='ltr'><strong>quidem</strong></span> <span class='ocrx_word' id='word_1_283' title='bbox 1870 4307 2053 4364; x_wconf 87' lang='lat' dir='ltr'><strong>minus</strong></span> <span class='ocrx_word' id='word_1_284' title='bbox 2096 4307 2165 4366; x_wconf 84' lang='lat' dir='ltr'><strong>de</strong></span> <span class='ocrx_word' id='word_1_285' title='bbox 2209 4311 2292 4368; x_wconf 85' lang='lat' dir='ltr'><strong>fe·—</strong></span> 
     </span>
    </p>
   </div>
  </div>
 </body>
</html>
