3075 5392
1219 617 1296 676 43

309 829 476 888 fuisse
515 839 823 887 statuemus.
911 827 1020 885 Nec
1061 825 1361 905 quidquam
1401 821 1661 904 impedit,
1702 822 1995 900 quominus
2032 817 2184 878 arbi-

307 955 528 1016 nemur,
569 941 842 1002 Lucilium
877 941 1057 1000 varias
1092 937 1359 1019 ejusmodi
1401 936 1657 1020 epistolas
1670 982 1687 1008 ,
1728 935 1842 994 sive
1879 954 1967 992 eas
1998 953 2181 1014 reapse

307 1053 381 1122 ad
437 1055 639 1114 amicos
695 1051 914 1113 dederit
925 1097 942 1126 ,
1001 1053 1118 1113 sive
1175 1051 1399 1110 finxerit
1457 1049 1640 1122 datas,
1690 1048 1939 1107 collectas
1976 1047 2178 1127 partim

308 1167 464 1227 Aelio
484 1211 502 1240 ‚
559 1167 762 1247 partim
822 1168 868 1226 F
867 1164 1046 1227 undio
1085 1162 1397 1238 dedicasse;
1440 1185 1575 1243 quas
1615 1163 1902 1244 posteriore
1938 1173 2177 1240 tempore

305 1279 642 1360 grammatici
697 1277 1076 1358 disjungentes
1133 1290 1188 1338 et
1227 1277 1287 1336 in
1329 1277 1510 1336 varios
1551 1275 1719 1334 libros
1756 1271 2141 1332 distribuentes
2164 1315 2178 1342 ‚

305 1393 582 1474 epistolari
629 1394 806 1452 forma
846 1403 1054 1452 servata
1067 1434 1084 1464 ‚
1144 1413 1176 1450 a
1216 1389 1536 1451 nominibus
1574 1409 1760 1449 eorum
1782 1431 1797 1457 ‚
1845 1407 1981 1466 quos
2019 1386 2179 1444 Luci-

305 1507 414 1566 lius
445 1505 867 1586 compellaverat
882 1549 898 1576 ,
941 1503 1226 1566 titulorum
1269 1525 1440 1585 genus
1475 1515 1657 1584 petere
1693 1513 2010 1584 potuerunt,
2052 1499 2180 1558 licet

305 1620 526 1681 nullum
563 1621 854 1702 vestigium
891 1619 1056 1698 hujus
1095 1619 1323 1678 rationis
1361 1615 1649 1678 monstrari
1688 1628 1863 1695 queat.
1926 1615 2046 1672 Hoc
2084 1635 2175 1672 au·

305 1745 415 1792 tem
436 1745 680 1793 tenentes
697 1753 814 1792 non
833 1733 1188 1808 mirabimur,
1207 1733 1545 1793 priscianum
1584 1731 1767 1790 sexti
1808 1729 2063 1789 decimi
2105 1727 2175 1789 ad

305 1844 588 1905 Fundium
629 1847 962 1905 mentionem
1001 1846 1220 1916 fecisse,
1281 1867 1394 1906 non
1430 1844 1607 1905 libri
1648 1843 2063 1925 posterioris
2102 1842 2175 1907 ad

307 1957 604 2023 Fundium.
647 1957 814 2017 Nullo
841 1971 1022 2018 tamen
1065 1957 1230 2018 modo
1265 1959 1571 2018 consentire
1592 1957 1832 2018 Beckero
1863 1979 2143 2039 possumus
2160 2003 2175 2028 ‚

308 2071 580 2130 ultimum·
601 2070 806 2131 librum
849 2071 910 2130 C.
954 2071 1134 2130 Caelii
1173 2073 1387 2132 nomini
1425 2072 1753 2152 inscriptum
1792 2072 1959 2129 fuisse
1998 2072 2175 2150 suspi-

307 2197 456 2260 cato;
517 2185 618 2244 ista
657 2186 804 2244 enim
841 2185 982 2244 ratio
1031 2184 1196 2266 plane
1235 2185 1504 2244 contraria
1544 2185 1731 2243 fuisset
1768 2184 1847 2256 ei,
1908 2205 2070 2263 quam
2112 2186 2173 2242 in

308 2287 676 2368 superioribus
707 2287 867 2348 libris
895 2289 1132 2349 tenuisse
1172 2289 1545 2371 grammaticos
1582 2285 1801 2360 docuit,
1837 2309 2007 2366 quum
2046 2288 2175 2346 Cae-

311 2399 419 2459 lius
457 2401 807 2481 gravissimus
847 2399 1218 2473 adversarius,
1257 2402 1422 2462 ceteri
1460 2401 1623 2462 amici
1658 2407 1849 2482 poetae
1886 2401 2131 2460 fuissent.

382 2508 538 2584 Quid
576 2522 755 2568 autem
792 2531 954 2593 porro
989 2511 1052 2570 in
1089 2511 1388 2591 &aliga-o,
1427 2514 1584 2589 cujus
1622 2514 1946 2572 sententiam
1979 2533 2031 2592 p.
2059 2511 2173 2571 170

293 2625 422 2701 jum
441 2622 578 2682 mihi
597 2622 854 2703 amplecti
883 2643 1042 2704 posse
1069 2621 1329 2697 vide-bar,
1349 2624 1689 2705 carpendum
1711 2627 2013 2694 inveneris,
2038 2649 2175 2685 non-

303 2734 440 2796 dum
466 2737 718 2815 qumvis
745 2735 848 2795 diu
874 2735 1166 2796 meditatus
1191 2739 1442 2817 cognovi.
1491 2737 1799 2796 Rhetorem
1830 2740 1976 2798 enim
2010 2741 2176 2799 fuisse

302 2852 540 2910 amicum
585 2847 864 2929 quendam
903 2850 1106 2912 Lucilii
1143 2853 1345 2932 negasti
1358 2893 1376 2922 „
1431 2864 1716 2932 :propterea
1748 2851 1896 2932 quod
1936 2853 1995 2911 in
2035 2855 2175 2933 frag-

305 2977 488 3024 mento
523 2963 628 3022 ait:
670 2965 768 3022 Ιιοι·
805 2963 1076 3023 Nolam-ie
1111 2975 1170 3022 ot
1209 2964 1486 3025 Debitoris
1527 2977 1583 3024 te
1623 2973 1673 3024 aa*
1711 2972 1891 3026 minu'
1933 2969 2175 3027 delectat

306 3079 452 3156 quod
478 3081 728 3154 ἄτεχνον
746 3077 1210 3147 Iswratimvoem
1253 3078 1401 3156 quod
1423 3081 1602 3159 ipsum
1634 3079 1783 3138 baud
1812 3081 1920 3139 scio
1954 3103 2025 3138 an
2058 3103 2171 3140 non

305 3194 510 3254 ironice
538 3193 808 3274 scripserit
845 3197 1001 3271 poeta
1016 3235 1032 3264 ,
1063 3191 1374 3270 praesertim
1405 3192 1536 3270 quia
1576 3212 1719 3251 nova
1762 3196 2174 3266 ὁμοιοτέλευτει

305 3305 478 3368 addit.
524 3305 596 3365 Se·
611 3309 796 3364 minu'
826 3305 1068 3362 delectat
1087 3301 1298 3361 dictum
1317 3315 1452 3383 puto
1471 3323 1573 3383 pro
1602 3311 1717 3362 nisi
1732 3311 1979 3380 impense
1997 3306 2175 3362 delec-

305 3432 456 3494 tacs
475 3441 584 3499 qua
602 3422 720 3500 ipsa
738 3417 1484 3499 significatione&aligermn
1515 3417 1647 3476 haec
1676 3418 1940 3497 accepisse
1960 3437 2174 3497 persua-

302 3556 425 3595 sum
455 3534 593 3594 mihi
612 3533 805 3592 habeo.
844 3533 1058 3610 Majore
1074 3551 1214 3592 sane·
1228 3533 1362 3609 jure
1371 3530 1765 3612 reprehendisti
1784 3553 1869 3590 me
1884 3574 1897 3601 ,
1916 3531 2065 3610 quod
2084 3529 2175 3590 de·

305 3650 446 3708 cimo
478 3647 622 3704 libro
660 3651 876 3726 poetam
899 3643 976 3704 de
1011 3665 1120 3703 sua·
1137 3645 1272 3716 vita,
1311 3665 1557 3723 quaeque
1585 3665 1682 3724 per
1712 3644 1865 3704 illam
1889 3646 2003 3706 sive
2034 3644 2175 3704 bene

304 3759 426 3820 sive
440 3778 602 3817 secus-2
625 3759 934 3818 instituerat
951 3771 1046 3817 aut
1068 3757 1176 3838 ipsi
1203 3770 1526 3830 evenerant,
1557 3777 1613 3836 p.
1642 3757 1761 3816 178
1782 3759 1950 3838 egisse
1974 3769 2173 3818 statue-

305 3890 448 3945 ram,
480 3889 650 3948 quum
691 3870 854 3928 unice
884 3871 956 3930 in·
977 3871 1144 3943 vitiis,
1182 3869 1384 3948 quihus
1421 3889 1521 3928 sua
1559 3875 1803 3948 poemata
1822 3869 2177 3944 laborabant,

303 3981 718 4066 perscrutandis
737 3996 792 4042 et
821 3981 1248 4064 perstringendis
1269 3996 1538 4043 versatum
1558 4005 1697 4057 esse,
1730 3985 2013 4042 Persianae
2033 3986 2177 4045 vitae

304 4097 534 4180 scriptor
592 4093 822 4156 indicet.
903 4094 1138 4154 Minime
1177 4108 1363 4154 tamen
1395 4109 1550 4155 tuam
1588 4097 1907 4156 sententiam
1949 4096 2179 4175 probare

304 4231 530 4294 possum
581 4209 972 4281 existimantiS,
1014 4207 1290 4268 Lucilium
1332 4208 1456 4278 uhi,
1499 4223 1629 4268 teste
1652 4211 1987 4291 Hieronymo
2007 4255 2022 4281 ,
2060 4211 2180 4270 En-

305 4327 462 4386 nium
503 4325 820 4386 Homerum
853 4325 1106 4382 alterum
1147 4322 1448 4404 appellavit
1466 4368 1479 4394 ,
1521 4323 1623 4383 hac
1662 4321 2025 4404 appellatione
2063 4347 2178 4384 eru-
