3075 5392
1269 589 1441 646 ·21

470 819 569 876 rgo
626 798 966 855 recitationis
1024 795 1273 856 studium
1293 839 1308 865 ,
1368 815 1533 873 quem
1573 791 1646 851 ad
1685 791 1912 850 modum
1953 805 2146 851 natum
2187 803 2351 861 essct,

468 907 743 986 quomodo
814 923 1039 968 auctu-m
1112 923 1275 986 atque
1350 919 1712 987 propagatum
1732 947 1748 976 ,
1823 903 2091 981 quamdiu
2161 923 2352 962 serva-

470 1035 587 1080 tum
644 1017 796 1102 apud
857 1023 1138 1078 Romanos
1154 1063 1172 1092 ,
1230 1019 1358 1078 data
1399 1019 1568 1100 opera
1603 1039 1704 1076 uec
1745 1017 1966 1078 levibus
2007 1017 2086 1076 rei
2128 1014 2356 1074 indiciis

472 1155 630 1203 usus,
692 1121 1125 1212 designaveram.
1208 1133 1391 1205 Quare
1448 1132 1652 1190 frustra
1707 1149 1924 1188 causam
1977 1149 2204 1207 quaero,
2249 1147 2358 1186 eur

468 1243 572 1302 tibi
612 1265 745 1314 rem,
810 1245 927 1302 mea
972 1243 1197 1322 quidem
1236 1243 1508 1303 sententia
1545 1242 1780 1321 alicujus
1817 1242 2118 1313 momenti,
2160 1240 2356 1300 leviter

470 1357 735 1436 attingere
772 1369 827 1414 et
868 1355 1129 1436 expedire
1166 1343 1467 1436 placuerit3
1524 1375 1628 1412 nec
1644 1397 1659 1424 ‚
1699 1375 1860 1434 spero
1873 1397 1888 1425 ‚
1929 1353 2150 1414 moleste
2189 1353 2356 1423 fera,

470 1469 543 1540 si,
594 1489 703 1546 qua
741 1469 953 1527 ratione
992 1469 1069 1526 sic
1108 1467 1423 1539 statuerim,
1480 1465 1672 1546 paucis
1709 1485 1979 1524 moneam.
2065 1467 2354 1542 Postquam

466 1581 619 1638 enim
661 1579 731 1639 de
770 1579 1022 1638 Archelai
1065 1593 1117 1637 et
1157 1578 1461 1638 Philocomi
1498 1580 1720 1658 privata
1737 1577 2064 1658 disciplina,
2105 1578 2164 1636 in
2185 1599 2354 1655 quam

470 1691 757 1771 Pompejus
814 1692 1063 1749 Lenaeus
1122 1703 1177 1748 et
1227 1691 1483 1750 Valerius
1543 1691 1676 1749 Cato
1731 1689 1960 1749 admissi
1997 1690 2256 1761 fuissent,
2298 1711 2355 1770 p.

469 1802 579 1875 46,
636 1802 715 1862 47
754 1801 1192 1882 disputaveram,
1235 1835 1313 1848 ·-—
1354 1823 1519 1880 quam
1561 1802 1888 1862 seutentiam
1925 1800 2171 1861 vidimus
2211 1821 2361 1859 non-

470 1904 603 1964 dum
664 1905 957 1962 refutatam
1013 1925 1125 1964 esse
1164 1937 1247 1950 --
1286 1903 1361 1962 ad
1418 1905 1684 1962 Catonem
1722 1924 1777 1983 p.
1824 1902 2135 1964 138—141
2179 1901 2360 1976 redii,

469 2015 717 2094 quidque
775 2035 971 2095 operae
1026 2015 1123 2077 ille
1182 2017 1241 2076 in
1284 2015 1501 2076 Lucilio
1542 2016 1786 2095 posuerit
1825 2027 1880 2074 et
1917 2015 2212 2076 meditatus
2252 2018 2323 2074 sit
2341 2061 2360 2090 ,

470 2128 590 2188 fuse
642 2125 907 2188 indicavi.
970 2127 1117 2188 Tum
1158 2147 1214 2207 p.
1262 2124 1379 2185 146
1420 2124 1600 2186 eidem
1642 2145 1756 2186 non
1799 2126 2008 2202 injuria
2046 2127 2362 2208 principem

470 2253 533 2297 ut
574 2239 641 2297 in
695 2238 899 2298 Lucilii
950 2237 1373 2297 admiratoribus
1392 2281 1409 2309 ‚
1467 2239 1546 2299 ita
1596 2237 1658 2297 iu
1699 2236 1946 2316 ejusdem
1981 2238 2360 2298 recitatoribus

470 2349 713 2431 publicis
746 2350 933 2410 locum
970 2349 1257 2412 vindicare
1294 2349 1501 2413 studui.
1553 2353 1680 2413 Huc
1722 2371 1809 2410 me
1839 2365 1904 2412 et
1933 2352 2148 2414 Horatii
2186 2351 2256 2412 de
2293 2373 2357 2412 eo

471 2461 677 2520 mentio
714 2474 767 2522 et
800 2462 1131 2542 epigramma
1142 2504 1163 2536 ‚
1200 2461 1353 2541 quod
1388 2461 1459 2522 de
1494 2463 1764 2543 singulari
1805 2465 1922 2542 ejus
1961 2462 2144 2525 studio
2181 2479 2238 2524 et
2263 2464 2361 2526 do·

470 2571 635 2630 cendi
672 2571 867 2632 ardore
906 2587 1185 2634 servatum
1220 2587 1301 2634 est
1340 2595 1371 2632 a
1408 2575 1674 2636 Suetonio
1691 2616 1710 2648 ,
1749 2576 2110 2657 impulerunt.
2149 2577 2218 2636 Iu
2249 2599 2360 2656 quo

466 2685 854 2764 epigrammate
892 2703 1019 2744 cum
1050 2684 1268 2744 dicatur
1307 2689 1458 2746 solus
1479 2690 1682 2768 legisse
1695 2697 1918 2764 poetas,
1960 2707 2079 2746 meo
2089 2690 2216 2766 jure
2237 2703 2359 2750 utor

470 2797 547 2866 si,
614 2798 677 2855 in
727 2798 1047 2858 memoriam
1086 2811 1335 2858 revocato
1374 2799 1624 2858 Suetonii
1665 2799 1787 2860 loco
1825 2822 1991 2878 quem
2031 2823 2090 2882 p.
2132 2799 2211 2861 46
2250 2824 2359 2862 ex-

446 2905 629 2966 ,hibui
650 2950 667 2978 ,
728 2906 898 2968 verba
956 2926 1097 2986 quae
1150 2907 1233 2968 ibi
1284 2907 1572 2988 leguntur:
1633 2919 1706 2968 ut
1746 2944 1826 2956 —-
1868 2912 2124 2992 legend
2133 2935 2164 2970 o
2201 2935 2355 2970 eom-

472 3021 881 3096 mentandoque
922 3055 1003 3066 -—
1042 3030 1179 3078 uota
1202 3025 1513 3096 sac-erent,
1556 3020 1942 3102 explicationis
1969 3024 2132 3082 causa
2169 3027 2354 3086 affero.

468 3133 610 3192 Nam
650 3144 880 3209 utroque
924 3133 1045 3192 loco
1086 3135 1329 3214 legere
1380 3131 1449 3192 de
1488 3134 1626 3213 ipsis
1667 3132 1984 3194 doctoribus
2027 3148 2352 3215 usurpatur,

470 3257 535 3302 ut
568 3243 725 3325 apud
756 3243 997 3304 eundem
1034 3243 1263 3324 paulum
1292 3245 1443 3304 infra
1472 3247 1713 3326 legere
1743 3243 2050 3304 deLeuaeo
2067 3259 2122 3305 et
2143 3247 2350 3306 Catone

468 3355 758 3437 discipulis
798 3356 1033 3429 dicitur,
1072 3370 1127 3416 et
1164 3377 1215 3415 c.
1256 3357 1337 3416 24
1378 3356 1449 3420 de
1488 3357 1572 3416 M.
1615 3356 1836 3416 Valerio
1875 3357 2090 3430 Probo,
2131 3359 2226 3436 qui
2271 3361 2353 3418 le-

462 3478 689 3550 gerat
726 3466 993 3547 quosdam
1034 3480 1239 3529 veteres
1278 3467 1501 3526 libellos
1541 3465 1694 3548 apud
1729 3467 2174 3546 grammatistam.
2227 3461 2355 3529 Pri-

470 3594 599 3640 vata
638 3580 805 3660 igitur
839 3579 973 3640 haec
1011 3579 1173 3648 lectio
1211 3580 1347 3652 fuit,
1401 3579 1632 3660 publica
1669 3580 1912 3641 recitatio
1950 3579 2068 3638 illa.
2149 3581 2354 3660 Perpe-

466 3711 587 3752 ram
623 3713 752 3756 vero
792 3692 1002 3754 Becker
1055 3711 1111 3772 p.
1161 3691 1283 3753 243
1338 3690 1486 3750 illud
1538 3699 1643 3769 qui
1677 3695 1848 3768 facit
1894 3701 2090 3770 poetas
2125 3693 2206 3752 sic
2247 3713 2354 3752 ex-

466 3803 691 3884 plicuit,
736 3817 795 3862 ut
836 3802 905 3864 de
945 3817 1189 3865 veterum
1229 3809 1515 3884 poetarum
1555 3803 1716 3865 libris
1750 3803 1826 3862 ab
1866 3825 1931 3863 eo
1971 3803 2284 3868 distributis
2301 3820 2359 3868 et

468 3917 869 3977 commentariis
908 3915 1195 3976 illustratis
1234 3917 1492 3998 cogitaret
1511 3959 1526 3988 ,
1568 3915 1720 3996 quod
1761 3917 2028 3978 curiosius
2067 3939 2179 3978 esse
2219 3921 2354 3981 Sue·

450 4028 655 4092 tonius
696 4027 883 4103 docet,
927 4029 1027 4107 qui
1054 4027 1429 4103 indicaturus,
1470 4029 1734 4094 Catonem
1753 4032 2170 4111 grammaticum
2185 4034 2350 4094 etiam

466 4137 540 4200 ad
599 4143 868 4221 poeticam
936 4140 1291 4205 tendentibus
1344 4141 1709 4222 peridoneum
1771 4143 1938 4206 fuisse
1991 4145 2312 4225 magistrum
2330 4190 2350 4222 ‚

452 4275 657 4318 ,versus
696 4254 821 4316 illos
860 4257 1197 4322 memoravit.
1280 4254 1445 4348 Quotl
1499 4278 1628 4319 vero
1669 4257 1892 4318 Sirenae
1931 4258 2161 4328 Latinae
2211 4261 2348 4323 Cato
