3075 5392
1633 589 1714 646 36

730 797 1027 854 Thraseam
1049 840 1066 868 ,
1137 817 1262 854 eum
1285 840 1298 865 ,
1376 795 1447 854 de
1498 816 1610 874 quo
1668 795 1946 876 praeclare
2005 795 2133 854 Jah
2153 819 2191 854 n
2253 798 2315 856 in
2377 799 2617 880 prolegg.

726 905 801 964 ad
822 908 965 965 Pers.
1000 927 1057 986 p.
1082 905 1399 966 XXXVIII
1424 925 1541 984 sqq.
1569 905 1694 985 egit.
1779 904 1834 963 Is
1855 906 2050 964 Paetus
2081 903 2324 965 Thrasea
2351 906 2442 967 vir
2461 927 2620 987 mag-

728 1015 1017 1088 nanimus,
1036 1013 1435 1087 sanctissimus,
1454 1012 1926 1072 mansuetissimus
1946 1013 2050 1071 fuit
2061 1035 2078 1088 3
2121 1014 2452 1093 sequebatur
2469 1016 2620 1075 Stoi—

722 1145 915 1186 corum
957 1125 1311 1206 disciplinam
1354 1138 1408 1184 et
1448 1125 1674 1184 Catonis
1721 1124 2000 1184 Uticensis
2041 1124 2300 1184 imitandi
2339 1125 2618 1187 studiosus

720 1252 867 1313 erat3
932 1235 1189 1316 idemque
1228 1238 1475 1296 Persium
1512 1257 1723 1297 summe
1763 1235 1972 1296 dilexit
2009 1237 2082 1296 ab
2121 1259 2188 1297 eo
2227 1236 2362 1298 inde
2403 1252 2620 1320 tempo·

718 1371 809 1424 re,
867 1371 979 1429 quo
1030 1350 1259 1428 juvenis
1297 1351 1422 1428 ‘jam
1474 1348 1704 1409 adultus
1753 1361 1914 1428 atque
1964 1348 2363 1432 philosophicis
2413 1352 2616 1413 studiis

714 1465 833 1542 jam
884 1463 1115 1544 paulum
1167 1461 1548 1522 corroboratus
1563 1507 1578 1534 ,
1631 1475 1898 1542 quantam
1939 1461 2012 1521 de
2051 1483 2109 1522 se
2147 1483 2300 1544 spem
2339 1467 2614 1547 suscipere

716 1574 905 1634 liceret
922 1619 940 1649 ,
981 1575 1105 1636 viro
1140 1575 1466 1656 gravissimo
1507 1575 1783 1657 probavit.
1892 1577 2017 1650 Qua
2057 1574 2128 1636 de
2165 1597 2224 1636 re
2261 1578 2498 1659 scriptus
2540 1580 2614 1638 sit

723 1687 821 1746 ille
857 1687 1149 1768 Pomponii
1185 1686 1259 1747 ad
1296 1686 1595 1748 Thraseam
1631 1688 1831 1748 missus
1869 1688 2050 1762 liber,
2089 1689 2290 1748 nesciri
2329 1691 2408 1750 ait
2442 1691 2613 1751 Jahn.

719 1801 981 1859 Fortasse
1004 1800 1295 1880 Pomponii
1336 1801 1586 1881 Marsyas
1605 1845 1622 1874 ,
1681 1800 1755 1860 ab
1806 1799 2056 1860 Aruobio
2093 1800 2210 1860 solo
2245 1815 2574 1862 memoratus
2592 1846 2611 1876 ‚

714 1910 1115 1993 intelligendus
1152 1912 1286 1986 erit;
1331 1891 1439 1990 ‘qui
1476 1913 1523 1972 si
1563 1911 1698 1971 libri
1734 1911 1927 1972 titulus
1965 1912 2132 1971 fuerit
2149 1955 2168 1986 ‚
2211 1913 2440 1972 Neronis
2476 1925 2614 1974 tem·

712 2043 847 2105 pore
884 2045 916 2082 a
948 2025 1253 2105 Pomponio
1288 2025 1510 2106 scripti,
1553 2047 1670 2084 non
1699 2024 2028 2084 mirabimur
2047 2067 2066 2099 ,
2107 2024 2441 2106 tragoediam
2471 2027 2612 2086 fuis-

714 2159 772 2197 se
792 2181 809 2211 ‚
850 2135 1103 2214 quamvis
1140 2157 1251 2214 quo
1291 2137 1519 2196 nomine
1560 2136 1634 2196 ab
1674 2136 1924 2196 Arnobio
1961 2157 2090 2197 cum
2128 2138 2333 2198 Lucilii
2373 2139 2610 2200 For-nice

714 2259 1046 2307 memoratus
1086 2247 1186 2320 sit,
1238 2267 1463 2328 prorsus
1501 2248 1834 2329 ignoremus
1918 2249 1963 2307 F
1963 2247 2210 2307 orniccm
2247 2262 2430 2308 autem
2467 2249 2612 2310 Bec-

712 2359 815 2418 ker
854 2365 1083 2436 septimi
1119 2357 1253 2418 libri
1290 2357 1517 2417 titulum
1555 2358 1772 2432 hahuit,
1811 2360 1876 2419 in
1915 2381 1980 2419 eo
1997 2359 2427 2423 Schbnbeckum
2457 2383 2608 2422 secu·

715 2485 834 2544 tus,
893 2483 956 2529 ut
994 2471 1113 2551 ipse
1150 2468 1321 2530 tradit
1356 2491 1413 2552 p.
1453 2469 1592 2530 247.
1677 2472 1800 2532 Hoc
1838 2474 1950 2534 viri
1988 2472 2076 2533 illi
2113 2473 2362 2534 iecerunt
2381 2518 2399 2547 ‚
2439 2476 2607 2553 quia,

707 2605 967 2666 ganeum
1002 2581 1303 2664 significari
1342 2603 1407 2642 eo
1442 2582 1717 2642 vocabulo
1753 2596 2008 2664 putantes
2021 2627 2036 2655 ‚
2077 2582 2308 2664 septimo
2347 2581 2494 2644 libro
2529 2583 2602 2644 de

712 2717 770 2756 re
808 2696 1113 2755 meretricia
1152 2708 1337 2755 actum
1370 2693 1660 2756 videbant.
1743 2694 1910 2770 Quod
1940 2696 2402 2758 inconsideratius
2436 2709 2492 2757 ct
2525 2697 2602 2758 le·

710 2810 838 2870 vius
876 2821 989 2868 est:
1033 2827 1165 2867 nam
1204 2806 1339 2866 libri
1378 2815 1516 2866 noui
1555 2808 1626 2867 fr.
1663 2804 1770 2866 20:

799 2921 870 2979 Si
904 2921 1058 2978 nihil
1094 2920 1173 2978 ad
1192 2922 1420 2995 faeiem
1458 2927 1517 2976 et
1557 2921 1738 2978 solum
1779 2921 1920 2996 lupa
1951 2921 2479 2999 μὀεέίὸιιῖιιηιᾳιιε,

793 3031 1036 3090 Nummi
1070 3053 1209 3109 opus
1246 3041 1421 3110 atque
1460 3037 1608 3090 assis
1643 3065 1721 3077 --

712 3144 784 3204 de
816 3165 875 3203 re
912 3143 1082 3202 simili
1116 3164 1419 3203 sermonem
1460 3143 1628 3202 fuisse
1658 3141 1914 3203 videmus
1925 3187 1943 3216 ,
1977 3143 2106 3202 licet
2135 3164 2252 3203 non
2283 3143 2452 3224 plane
2479 3163 2603 3203 oer-

709 3273 831 3318 tum
860 3278 974 3317 esse
1001 3257 1237 3318 varietas
1267 3255 1518 3316 lectionis
1536 3268 1826 3314 monstret:
1869 3277 2002 3314 nam
2035 3253 2252 3314 codices
2269 3256 2439 3315 Nonii
2459 3255 2602 3318 vari·

708 3385 807 3430 ant
845 3371 990 3430 inter
1022 3369 1231 3429 librum
1268 3377 1533 3427 octavum
1553 3379 1605 3425 et
1624 3389 1855 3425 nonum.
1898 3366 2172 3426 Universe
2191 3379 2372 3426 autem
2387 3410 2403 3438 ,
2433 3386 2601 3445 quam

704 3486 974 3543 incertam
1036 3481 1305 3540 rationem
1341 3481 1529 3538 Dousa
1569 3479 1632 3537 in
1673 3478 1998 3558 fragmentis
2037 3475 2404 3559 disponendis
2439 3497 2602 3536 secu-

704 3606 796 3656 tus
829 3597 930 3668 sit,
970 3613 1243 3672 quamque
1277 3591 1499 3651 infirmo
1530 3569 1902 3650 fundamento
1918 3602 2134 3664 utatur,
2172 3591 2269 3669 qui
2287 3587 2600 3648 Dousianae

703 3706 1122 3767 distributionis
1162 3703 1415 3764 ordinem
1446 3704 1510 3762 in
1545 3702 1893 3784 singulorum
1923 3701 2196 3762 librorum
2225 3701 2453 3762 materia
2468 3721 2602 3782 per-

708 3817 1007 3880 scrutanda
1046 3818 1202 3896 sequi
1257 3814 1395 3879 velit
1412 3859 1431 3890 ,
1489 3814 1866 3876 indicabimus
1885 3857 1904 3890 ‚
1963 3813 2175 3874 librum
2214 3815 2510 3896 septimum
2545 3826 2600 3874 et

696 3948 963 3993 octavum
1000 3930 1241 4011 exempli
1280 3927 1447 3988 causa
1472 3927 1817 3988 adhibentes.
1899 3928 2202 4006 Sequemur
2235 3928 2452 3986 Dousae
2483 3925 2600 3986 edi·

700 4047 912 4105 tionem
951 4057 1114 4124 atque
1160 4063 1227 4102 ea
1285 4042 1594 4122 fragmenta
1612 4085 1630 4114 ,
1689 4061 1924 4120 quorum
1957 4061 2031 4100 ex
2069 4040 2252 4100 Nonio
2287 4051 2469 4098 certus
2506 4040 2580 4104 vi·

694 4155 870 4215 detur
904 4177 1017 4215 esse
1056 4155 1238 4228 locus»,
1276 4154 1614 4215 omittemus.
1689 4139 1950 4214 Adhibui
1985 4151 2288 4213 editionem
2324 4174 2376 4212 a.
2413 4151 2602 4226 1614,

708 4286 947 4347 quacum
982 4268 1111 4326 facit
1144 4265 1433 4341 Gerlachi,
1468 4267 1577 4326 nisi
1612 4263 1763 4344 quod
1795 4265 1956 4340 vm,
1972 4265 2038 4324 2:
2083 4265 2216 4326 Vir
2224 4287 2274 4346 g.
2308 4265 2408 4336 lib.
2429 4264 2600 4326 VIIII
