3075 5392
1708 580 1744 634 ὅ

782 780 1164 861 negligentiam
1213 793 1423 848 notare,
1455 779 1619 859 quod
1661 801 1903 842 eversam
1936 803 1967 840 a
2004 781 2262 864 Scipione
2302 784 2653 844 Numantiam

778 897 838 954 in
880 895 966 954 Ol.
1007 892 1121 954 159
1159 894 1370 968 retulit,
1409 915 1583 974 quum
1612 893 1703 956 Ol.
1740 893 1886 969 161,
1914 893 1952 954 4
1994 894 2255 956 accidisse
2276 915 2395 956 eam
2424 897 2654 956 calami-

776 1018 938 1064 tatem
997 1017 1220 1064 constet.
1302 1004 1524 1065 Utiliter
1583 1025 1671 1066 me
1710 1004 1927 1064 monuit
1970 1005 2023 1064 J.
2062 1003 2135 1066 G.
2176 1006 2239 1066 F·
2278 1005 2505 1081 Estre,
2552 1008 2652 1086 qui

773 1117 978 1178 Batava
1035 1116 1224 1198 lingua
1283 1115 1414 1176 libri
1463 1117 1573 1176 mei
1610 1131 1896 1176 censuram
1934 1114 2077 1196 egit,
2118 1114 2317 1174 factam
2348 1115 2650 1176 Numanti-

772 1248 970 1288 norum
1007 1228 1338 1286 mentionem
1365 1225 1634 1296 Eusebio,
1674 1239 1847 1286 cetera
1867 1269 1885 1299 ,
1912 1247 2051 1305 quae
2071 1225 2349 1288 Lucilium
2378 1240 2651 1309 spectant,

772 1339 1113 1420 Hieronymo
1149 1336 1354 1397 deberi.
1395 1338 1536 1397 Nam
1565 1337 1763 1419 legitur
1796 1339 1860 1397 in
1897 1336 2097 1398 Euseb.
2128 1340 2351 1398 Asmen.
2382 1336 2469 1398 ed.
2487 1339 2571 1398 M.
2590 1361 2631 1422 p

773 1447 892 1508 358
953 1446 1028 1509 ad
1100 1447 1190 1509 Ol.
1249 1446 1473 1524 159,3:
1529 1449 1840 1526 Pompejue
1896 1446 2289 1508 Numantinae
2346 1449 2645 1508 subvertit.

770 1562 951 1634 Quare
1010 1559 1314 1640 suspicatus
1363 1558 1460 1618 ille
1507 1572 1617 1632 est,
1685 1578 1887 1620 errasse
1937 1557 2219 1631 librarios,
2284 1559 2383 1639 qui
2437 1557 2649 1640 duplex

767 1671 1002 1742 factum,
1055 1670 1123 1744 Q.
1176 1669 1419 1750 Pompeji
1457 1668 1715 1744 alterum,
1758 1667 1990 1728 alterum
2020 1669 2295 1748 Scipionis
2305 1715 2321 1744 ,
2364 1690 2515 1730 anno
2552 1670 2649 1729 in·-

766 1798 1008 1858 congruo
1058 1775 1472 1858 adscripserint,
1533 1797 1707 1855 quum
1744 1775 1957 1856 Scipi0,
2016 1797 2132 1836 non
2170 1778 2485 1858 Pompejus,
2526 1777 2650 1838 Nu-

768 1887 1043 1946 mantinos
1081 1886 1434 1960 subverterit,
1465 1899 1516 1945 et
1537 1886 1631 1946 hic
1650 1885 1862 1946 bellum
1881 1908 2007 1946 cum
2026 1886 2381 1948 Numantinis
2400 1887 2489 1949 ol.
2514 1887 2649 1964 159,

767 1998 804 2058 4
845 1996 1014 2080 (141)
1065 1998 1298 2078 gesserit.
1381 1997 1525 2071 Quia
1566 2018 1695 2058 vero
1736 1997 2009 2058 Eusebius
2044 1999 2265 2080 saepius
2304 2001 2473 2060 unius
2510 1999 2649 2062 anni

767 2106 1085 2166 discrimine
1105 2107 1349 2186 sequitur
1369 2107 1696 2188 Hieronymi
1718 2108 2078 2182 notationem,
2116 2107 2236 2168 ficri
2255 2110 2433 2190 potuit
2454 2123 2516 2170 ut
2534 2132 2647 2170 uno

765 2239 914 2276 anno
953 2218 1284 2276 aberraverit
1320 2237 1353 2276 a
1381 2237 1513 2276 vero
1552 2237 1728 2289 anne,
1768 2230 1933 2296 utque
1953 2231 2005 2277 et
2036 2215 2187 2299 apud
2206 2239 2331 2278 eum
2351 2216 2647 2302 legendum

764 2329 860 2388 sit:
903 2329 1213 2406 Pomquus
1251 2326 1635 2386 Numantinis
1666 2329 1873 2386 bellum
1902 2331 2123 2404 infert,
2166 2329 2257 2390 vel
2277 2331 2456 2391 simile
2472 2327 2643 2412 quid,

764 2451 815 2499 et
857 2437 1010 2519 apud
1047 2438 1449 2518 Hieronymum
1487 2436 1628 2494 facta
1671 2437 1946 2517 Scipionis
1974 2439 2179 2498 mentio
2198 2439 2316 2499 sive
2335 2440 2509 2521 ipsius
2526 2441 2644 2502 sive

763 2553 1113 2612 librariorum
1154 2550 1320 2631 culpa
1362 2550 1421 2609 in
1463 2549 1709 2609 alienum
1739 2572 1950 2610 annum
1988 2550 2155 2610 relata
2192 2551 2280 2610 sit.
2348 2553 2645 2634 Utcunque

761 2679 840 2724 est
863 2701 939 2710 —
957 2664 1105 2724 nihil
1142 2664 1292 2722 enim
1329 2663 1422 2722 hic.
1441 2663 1575 2722 certi
1594 2664 1711 2722 erui
1732 2675 1907 2744 potest
1926 2698 2005 2708 —
2024 2662 2100 2722 ad
2118 2663 2225 2722 alia
2246 2664 2521 2746 pergimus
2532 2686 2645 2726 cer·

761 2779 915 2836 tiora.
979 2774 1157 2834 Video
1194 2777 1328 2835 Jos.
1374 2773 1815 2856 Scaligerum
1855 2773 1929 2832 ad
1960 2775 2164 2834 Euseb.
2205 2776 2409 2834 Chron.
2448 2798 2504 2856 p.
2528 2774 2645 2836 140

762 2886 1142 2970 properantiae
1162 2928 1182 2960 ,
1265 2883 1767 2944 hallucinationum
1844 2886 2007 2944 matri
2026 2929 2043 2958 ,
2112 2885 2367 2944 tribuisse
2391 2928 2411 2960 ,
2491 2885 2645 2965 quod

760 2999 1136 3078 Hieronymus
1195 2997 1276 3055 M.
1334 2996 1459 3054 Liv
1472 3015 1537 3054 ιι]
1551 3016 1615 3066 ι,
1682 2993 2085 3076 tragoediarum
2130 2997 2467 3077 scriptorem,
2524 2996 2644 3056 cla-

759 3132 887 3177 rum
941 3111 1108 3170 fuisse
1182 3109 1270 3170 01.
1337 3106 1532 3184 148·,2
1598 3109 1873 3182 statuerit,
1930 3128 2102 3188 quum
2158 3109 2261 3169 flos
2298 3110 2415 3188 ejus
2452 3110 2513 3168 in
2552 3108 2640 3170 Ol.

764 3224 956 3302 135,1
1003 3222 1260 3284 incidisse
1285 3223 1492 3284 censeri
1533 3221 1747 3282 debeat.
1808 3222 1951 3282 Sunt
1981 3223 2079 3302 qui
2115 3235 2345 3304 putent,
2380 3223 2455 3284 ab
2490 3223 2641 3284 Attio

758 3337 822 3396 in
848 3357 1079 3398 errorem
1095 3312 1100 3316 .
1115 3332 1406 3394 inductum
1427 3334 1861 3414 Hieronymum,
1900 3333 2081 3414 ipsum
2100 3353 2330 3407 errasse3
2363 3347 2505 3392 certe
2522 3335 2639 3412 ejus

759 3446 1044 3530 diligentia
1085 3443 1451 3517 desideratur,
1492 3443 1585 3502 cui
1616 3442 1851 3502 aliorum
1889 3444 2259 3502 auctoritatem
2290 3444 2445 3523 sequi
2472 3465 2640 3524 quam

758 3561 943 3641 ipsum
994 3555 1276 3634 exquirere
1339 3575 1530 3615 verum
1589 3553 1930 3615 commodius
1986 3555 2170 3614 visum
2220 3557 2308 3616 sit.
2390 3557 2639 3618 Puuu

760 3681 987 3732 mortem
1018 3663 1168 3726 idem
1201 3665 1288 3726 01.
1326 3663 1468 3739 145,
1511 3664 1540 3724 1
1580 3663 1896 3747 adscripsit,
1936 3686 2109 3746 quum
2150 3664 2239 3726 Ol.
2283 3664 2417 3744 149,
2455 3669 2483 3728 l
2528 3664 2638 3740 ade

759 3777 1052 3842 scribenda
1111 3778 1316 3838 fuisset.
1399 3776 1543 3837 Sunt
1590 3777 1687 3857 qui
1738 3789 1961 3859 putent,
2020 3793 2273 3861 corrupta
2307 3781 2637 3862 Hieronymi

757 3888 930 3952 verba
981 3908 1094 3948 esse
1106 3931 1125 3963 ,
1167 3907 1270 3948 nec
1309 3897 1550 3948 mortem
1590 3887 1773 3956 Plauti
1813 3886 1912 3948 sed
1949 3887 2108 3949 aliud
2142 3889 2283 3971 quid
2329 3891 2437 3974 legi
2470 3912 2638 3974 opor-

759 4013 868 4059 tere
881 4022 897 4074 3
949 4017 1124 4078 quum
1173 3995 1347 4056 multo
1396 3995 1745 4077 probabilius
1780 3997 1879 4072 sit,
1920 3998 2249 4082 Hieronymi
2288 3998 2636 4083 diligentiam

761 4107 1074 4171 desiderari.
1156 4106 1280 4188 Ipse
1340 4105 1531 4166 saltem
1566 4107 1937 4190 Hieronymus
1974 4109 2205 4186 erravit,
2244 4109 2343 4189 qui
2370 4109 2505 4172 Arr
2518 4131 2585 4171 ιι]
2598 4134 2636 4172 ι

759 4226 969 4300 poetam
984 4261 1002 4292 ‚
1060 4216 1148 4277 01.
1194 4213 1339 4290 160,
1358 4215 1396 4274 2
1449 4228 1847 4298 memoratum,
1888 4239 1918 4277 e
1958 4219 2167 4280 Pisauri
2209 4219 2421 4285 colonis
2463 4219 2632 4311 fuisse
