3075 5392
1713 553 1792 612 24

810 755 1071 829 X1X‚8‚
1100 758 1147 814 l.
1220 781 1245 809 «
1284 755 1763 830 Adulescentulus,
1828 757 1936 829 ait,
2001 760 2230 816 Romae.
2263 758 2450 836 prius,
2521 780 2686 836 quam

805 871 1049 928 Athenas
1098 868 1485 941 concederem,
1538 868 1766 946 quando
1823 883 1938 930 erat
1989 891 2022 928 a
2059 871 2330 949 magistris
2369 872 2686 930 auditione-

812 985 1025 1060 busque
1068 981 1341 1042 obeundis
1388 983 1560 1043 otium
1581 1025 1600 1055 ,
1661 981 1734 1042 ad
1786 953 2120 1046 Frontonem
2159 983 2513 1062 pergebam.»
2602 985 2685 1042 Cf.

804 1095 1002 1154 XVIII
1015 1095 1191 1168 ,2,2.
1272 1097 1461 1174 Neque
1518 1094 1627 1154 alia
1667 1095 1751 1156 vis
1803 1095 2062 1156 vocabuli
2102 1108 2181 1154 est
2221 1095 2308 1154 IX
2322 1094 2514 1168 ,4,5:
2575 1117 2686 1154 «ea

798 1209 889 1266 his
946 1209 1351 1266 commentariis
1420 1205 1696 1287 adspersi,
1777 1221 1868 1280 ut,
1943 1208 2043 1284 qui
2101 1227 2190 1266 eos
2259 1206 2524 1267 lectitabit
2545 1251 2562 1280 ,
2639 1208 2688 1266 is

800 1342 870 1377 ne
908 1319 1063 1378 rudis
1102 1319 1331 1378 omnino
1370 1331 1423 1377 et
1459 1321 1690 1388 ἀνήκοος
1751 1319 1897 1377 inter
1944 1317 2252 1378 istiusmodi
2292 1340 2472 1378 rerum
2513 1321 2682 1376 aucli-

798 1438 981 1490 tiones
1018 1432 1359 1511 reperiatur»
1417 1430 1516 1489 ubi
1567 1433 1798 1501 ἀνήκοος
1838 1430 2160 1490 Plutarcheo
2197 1451 2363 1488 sensu
2385 1474 2400 1502 ,
2463 1431 2684 1488 auditio

797 1543 1015 1622 vulgari
1054 1541 1441 1622 accipiendum
1482 1555 1580 1602 est.
1662 1543 1802 1600 Nam
1851 1541 2104 1600 similiter
2144 1541 2314 1612 XIII,
2347 1541 2446 1612 19,
2469 1544 2544 1614 5,
2579 1563 2682 1596 au·

795 1657 1126 1714 ditimzeula
1164 1653 1405 1732 quadam
1443 1653 1766 1734 adspersum
1804 1675 1916 1712 esse
1927 1697 1943 1726 ,
1984 1653 2195 1712 dictum
2234 1654 2504 1712 invenies.
2585 1656 2680 1712 At-

793 1787 898 1844 que
938 1766 1069 1824 haec
1108 1765 1333 1844 quidem
1368 1766 1618 1839 obstant,
1679 1788 1749 1826 ne
1791 1767 1853 1826 in
1895 1780 2046 1831 tuam
2083 1769 2410 1829 sententiam
2447 1765 2679 1846 perduci

794 1899 881 1936 me
920 1880 1117 1936 sinam.

874 1989 983 2048 Sed
1027 2003 1085 2048 ut
1126 1991 1219 2048 hie
1258 1989 1562 2070 longiorem
1602 2003 1654 2050 te
1691 2011 1803 2050 esse
1841 1991 2140 2050 malueram
2161 2035 2176 2059 ‚
2233 1991 2308 2050 ita
2349 1989 2500 2050 haud
2545 2013 2678 2072 pau-

794 2103 873 2162 cis
926 2102 1224 2162 defunctus
1262 2125 1321 2162 es
1359 2103 1421 2160 in
1462 2100 1766 2162 refellenda
1803 2103 2108 2176 sententia,
2165 2124 2332 2180 quam
2371 2101 2442 2162 de
2481 2104 2678 2162 Rutilii

796 2215 919 2277 loco
958 2236 1016 2294 p.
1060 2214 1407 2286 129—131‚
1455 2211 1570 2274 190
1607 2213 1728 2272 tuli.
1792 2214 2024 2272 Causam
2061 2233 2160 2270 cur
2197 2226 2410 2293 praeter
2447 2215 2678 2277 Decium

794 2327 857 2384 in
898 2328 1184 2386 satirarum
1223 2326 1580 2410 scriptoribus
1620 2325 1899 2384 Lucillum
1935 2325 2188 2398 haberes,
2245 2327 2499 2386 invenire
2539 2327 2678 2387 mihi

796 2439 858 2498 in
894 2460 958 2498 co
998 2439 1148 2498 visus
1184 2460 1345 2508 sum,
1404 2437 1558 2516 quod
1614 2460 1726 2498 non
1769 2451 1912 2498 recte
1947 2437 2102 2518 apud
2140 2452 2192 2496 te
2230 2439 2512 2498 constabat
2533 2482 2550 2511 ,
2609 2435 2689 2502 de.

793 2565 915 2612 utro
976 2550 1203 2612 dixisset
1252 2551 1531 2612 Rutilius:
1597 2551 1798 2626 Hujus
1858 2553 2152 2626 valrefieis
2202 2557 2407 2628 satyra?
2449 2553 2682 2615 ludente

795 2664 1089 2722 Camoem's
1126 2686 1235 2738 ——3
1298 2676 1535 2722 ceterum
1589 2664 1740 2722 enim
1779 2683 2004 2744 prorsus
2042 2662 2297 2741 ignorare
2335 2683 2418 2722 mc
2473 2663 2645 2727 fateor-
2662 2705 2679 2734 ,

794 2775 945 2846 unde
1008 2775 1078 2834 de
1128 2767 1347 2836 Lucillo
1404 2773 1776 2856 satirographo
1822 2774 1928 2836 tihi
1963 2774 2204 2854 suspicio
2245 2787 2370 2836 nata
2411 2776 2497 2832 sit.
2582 2775 2678 2833 vi-

792 2885 937 2946 deris
976 2887 1143 2967 igitur
1181 2887 1494 2946 existimare
1514 2929 1532 2958 ,
1595 2888 1656 2944 in
1696 2885 1977 2948 Lucillum
2016 2906 2204 2952 versus
2245 2884 2370 2944 illos
2407 2883 2676 2963 quadrare

790 3018 965 3078 posse.
1048 2997 1217 3072 Quod
1254 2999 1392 3058 mihi
1428 3011 1542 3058 tam
1579 3011 1788 3069 certum
1840 3011 1947 3070 est,
2014 3019 2182 3076 quam
2217 2997 2290 3056 ad
2328 2999 2562 3062 Decium
2597 3020 2680 3058 re·

792 3110 935 3172 ferri,
966 3110 1125 3169 nullo
1166 3109 1333 3172 modo
1370 3131 1544 3192 posse.
1627 3113 1767 3172 Nam
1819 3124 2196 3192 praeterquam
2236 3099 2390 3188 quod
2429 3112 2678 3192 proxime

800 3224 1091 3302 praecessit
1130 3225 1338 3282 mentio
1379 3223 1624 3297 Lucilli,
1682 3225 1780 3303 qui
1799 3269 1816 3299 ,
1879 3224 2068 3304 magni
2107 3224 2224 3281 nati
2265 3221 2464 3288 indole.
2493 3222 2680 3287 reddi-

792 3345 881 3392 tus
898 3377 917 3408 ‚
978 3333 1117 3394 felix
1174 3337 1245 3394 sit
1304 3348 1415 3394 tam
1476 3335 1646 3394 simili
1707 3336 2044 3414 posteritate,
2103 3355 2240 3412 quo,
2298 3357 2523 3414 quaeso,
2575 3337 2680 3397 ista

792 3442 1062 3520 pertineat
1102 3442 1485 3522 intempestiva
1526 3441 1598 3500 de
1639 3442 1808 3500 Decio
1829 3487 1844 3513 ,
1907 3444 2193 3502 satirarum
2235 3445 2530 3523 scriptore,
2585 3443 2682 3502 di-

792 3554 1023 3635 gressio,
1082 3575 1243 3632 quem
1306 3555 1535 3614 Tusciae
1595 3555 1931 3634 praefectum
1993 3577 2125 3616 arva
2193 3555 2352 3614 beata
2404 3568 2680 3636 regentem

794 3680 1146 3746 proposuerat
1164 3667 1193 3724 2
1255 3666 1413 3725 Nihil
1444 3667 1698 3745 jejunius
1737 3667 1875 3748 fingi
1915 3681 2108 3748 potest.
2172 3668 2448 3746 Equidem
2488 3669 2680 3730 nullus

795 3772 993 3834 dubito
1034 3777 1171 3854 quin
1190 3821 1211 3850 ,
1250 3777 1567 3856 quicunque
1609 3776 1792 3837 locum
1835 3791 2009 3838 totum
2049 3791 2298 3841 accurate
2337 3791 2682 3860 perspectum

792 3885 991 3949 habeat
1010 3931 1027 3958 ,
1082 3889 1315 3950 fateatur
1332 3933 1351 3962 ,
1410 3889 1568 3948 Decii
1627 3891 2025 3970 praefecturam
2084 3913 2117 3952 a
2157 3891 2370 3950 Rutilio
2411 3912 2684 3950 memora-

793 4013 903 4058 tam
946 4012 999 4057 et
1053 3997 1381 4060 celebratam
1440 4021 1570 4058 esse.
1653 4001 1899 4060 Primum
1953 4007 2117 4080 poeta
2173 4001 2396 4080 respicit
2444 4002 2686 4078 quietem

792 4107 1111 4185 provinciae
1142 4121 1195 4168 et
1224 4109 1483 4168 eximiam
1518 4109 1866 4182 felicitatem,
1899 4124 2120 4190 regente
2138 4111 2307 4170 Decio
2319 4133 2335 4186 3
2381 4124 2501 4170 tum
2535 4111 2682 4173 hanc

790 4217 1067 4278 ibrtunam
1118 4242 1233 4281 non
1286 4219 1519 4280 aliorum
1575 4222 1778 4281 virtu-te
1827 4235 1880 4280 et
1921 4221 2152 4284 consilio
2189 4235 2402 4302 partam
2446 4225 2587 4307 tueri
2627 4235 2688 4281 et·
