3075 5392
1655 517 1734 578 28

746 721 1021 780 illiberale
1079 735 1281 801 putans
1300 765 1318 796 ,
1372 743 1473 780 nec
1536 743 1662 780 vero
1703 721 1994 780 invenusta
2037 722 2138 780 ista
2183 722 2296 780 NB.
2337 724 2407 783 iis
2447 724 2654 804 appin-

750 853 874 914 gam
893 877 911 906 ,
972 831 1069 892 ubi
1112 854 1239 894 eum
1280 833 1531 892 alacritas
1574 830 1790 892 fefellit.
1873 833 2078 898 Sumus
2115 834 2268 894 enim
2310 837 2504 897 natura
2546 835 2652 896 vel

752 943 1141 1012 imbecilliores
1153 990 1172 1019 ,
1213 946 1306 1006 vel
1346 943 1643 1008 validiores
1661 988 1679 1018 ,
1743 945 1836 1006 vel
1877 944 2142 1006 tardiores
2163 990 2180 1017 ,
2222 946 2311 1008 vel
2352 949 2656 1009 animosio-

755 1075 871 1126 reS‚
914 1068 1009 1114 aut
1048 1055 1355 1114 calcaribus
1396 1069 1491 1114 aut
1532 1055 1708 1114 frenis
1747 1077 2001 1136 egemu83
2067 1078 2180 1116 uno
2223 1070 2408 1118 tamen
2448 1081 2646 1118 omnes

752 1167 1095 1244 antiquitatis
1158 1164 1501 1226 enarrandae
1551 1165 2024 1246 explicandaeque
2075 1167 2260 1228 studio
2311 1172 2592 1248 conjuncti
2621 1215 2646 1244 ,

752 1276 903 1356 quod
942 1277 1319 1358 indulgentia,
1360 1277 1766 1353 benivolentia,
1817 1279 2058 1340 amicitia
2097 1282 2252 1340 cerni
2289 1294 2532 1362 oportet,
2571 1304 2654 1342 ne

754 1391 927 1450 fracto
968 1392 1277 1451 animorum
1320 1392 1531 1474 impetu
1544 1436 1562 1465 ,
1603 1391 1864 1454 voluntas
1905 1407 2072 1460 cesset
2111 1408 2165 1454 et
2207 1395 2484 1456 relaxetur
2523 1409 2654 1456 stu-

755 1499 931 1562 dium.
990 1503 1297 1563 Beckerum
1338 1503 1506 1584 igitur
1547 1503 1669 1566 vidi
1711 1519 1941 1582 utroque
1981 1505 2127 1582 loco,
2173 1507 2272 1566 ubi
2301 1515 2468 1586 pm'or
2505 1507 2652 1568 liber

758 1630 1089 1676 memoratur
1108 1659 1125 1690 ,
1166 1636 1328 1694 quem
1370 1638 1426 1697 p.
1459 1616 1580 1678 252
1623 1616 2029 1692 indicaveram,
2070 1640 2124 1699 p.
2156 1618 2272 1680 241
2317 1639 2494 1680 usum.
2557 1620 2650 1678 Tu

758 1743 1053 1808 utrumque
1110 1741 1429 1810 corruptum
1490 1729 1749 1788 censuisti
1810 1743 1861 1790 et
1920 1730 2156 1810 speciose
2217 1729 2444 1809 quidem
2495 1727 2650 1811 apud

755 1843 1030 1902 Aci-onem
1070 1862 1172 1922 pro
1212 1840 1480 1900 Lucilius
1519 1848 1586 1898 in
1616 1848 1819 1918 priore
1859 1843 2003 1900 libro
2045 1843 2258 1902 Horatii
2313 1865 2519 1907 nomen
2559 1864 2652 1902 re·-

756 1954 946 2034 ponis,
986 1953 1119 2032 quia
1158 1952 1251 2012 hic
1292 1952 1404 2012 Sat.
1426 1953 1486 2028 1,
1526 1951 1596 2025 8,
1636 1952 1706 2012 11
1754 1953 2121 2014 Pantolabum
2161 1967 2215 2016 et
2243 1957 2651 2028 Nomentanum

760 2079 1171 2128 memoraverat.
1254 2065 1482 2125 Lubens
1540 2063 1799 2145 equidem
1855 2067 2184 2126 sententiam
2241 2079 2394 2126 tuam
2442 2067 2653 2147 proba-

760 2199 878 2236 rem
899 2221 915 2250 ,
954 2179 1004 2235 si
1033 2177 1283 2236 neutrius
1312 2197 1517 2234 nomen
1569 2177 1631 2234 in
1663 2176 1864 2234 Lucilii
1905 2177 2226 2256 fragmentis
2265 2178 2618 2242 inveniretur
2628 2201 2648 2254 3

765 2285 915 2362 atqui
958 2285 1247 2342 invenitur
1285 2282 1648 2354 Nomentani,
1699 2280 1852 2358 quod
1897 2303 1952 2361 p.
1990 2281 2112 2342 229
2150 2281 2385 2342 ostendi.
2459 2286 2651 2361 Itaque

762 2416 865 2454 nec
908 2415 1037 2452 cum
1074 2395 1357 2452 Diintzero
1393 2391 1580 2473 (Krit.
1623 2413 1680 2450 u.
1719 2391 1891 2450 Erkl.
1931 2393 1985 2450 d.
2032 2391 2162 2451 Sat.
2197 2397 2254 2453 d.
2289 2394 2434 2453 Hor.
2455 2416 2512 2475 p.
2545 2392 2650 2474 84)

766 2505 1120 2568 statuendum
1138 2519 1247 2579 est,
1270 2505 1485 2566 Horatii
1506 2525 1597 2564 eos
1617 2504 1870 2582 aequales
1891 2505 2057 2568 fuisse
2072 2548 2089 2579 ,
2129 2526 2232 2564 nec
2251 2519 2429 2567 tecum
2449 2506 2652 2566 facien-

765 2621 903 2684 dum
925 2667 939 2693 ‚
982 2620 1275 2682 Lucilium·
1305 2619 1425 2678 loco
1464 2617 1724 2699 pellente,
1766 2617 1918 2678 unde
1955 2615 2251 2698 pellendus
2291 2638 2394 2676 nec
2414 2617 2658 2679 Beckero

766 2757 871 2796 nec
910 2735 1052 2796 mihi
1087 2731 1325 2794 videtur.
1410 2733 1552 2790 Nam
1587 2729 1740 2810 quod
1779 2732 2078 2805 monuisti,
2131 2731 2450 2811 interpretis
2505 2731 2660 2792 illius

770 2861 943 2908 aetate
983 2845 1188 2906 Lucilii
1226 2865 1365 2928 opus
1404 2841 1654 2902 divisum
1705 2843 1765 2903 in
1819 2843 2046 2922 triginta
2083 2842 2256 2902 libros
2295 2844 2496 2918 fuisse,
2556 2845 2657 2904 etsi

772 2960 963 3040 negari
1002 2979 1119 3016 non
1150 2956 1319 3037 possit
1351 2954 1698 3032 maximeque
1724 2953 2018 3034 probabile
2046 2955 2118 3012 sit
2131 2998 2148 3029 ,
2186 2969 2372 3014 tamen
2411 2978 2529 3015 non
2569 2957 2663 3017 vi-

775 3070 880 3130 deo
918 3067 1121 3148 quidni
1160 3065 1309 3126 idem
1326 3109 1343 3139 ,
1406 3085 1584 3144 quum
1631 3077 1872 3124 mentem
1925 3085 2042 3129 non
2093 3064 2331 3138 subiret,
2392 3087 2502 3144 quo
2541 3065 2664 3126 loco

776 3182 1031 3260 libroque
1070 3190 1420 3240 memorasset
1458 3177 1588 3236 istos
1627 3174 1938 3234 nebulones
1972 3181 2134 3256 poeta
2155 3220 2172 3247 ,
2213 3189 2427 3236 tantum
2463 3177 2664 3236 memi-

776 3296 949 3354 nisset
1006 3294 1066 3352 in
1124 3292 1305 3374 priore
1356 3288 1535 3370 operis
1575 3301 1728 3368 parte
1775 3287 2134 3370 reprehensos
2153 3333 2170 3361 ,
2227 3290 2666 3367 antiquissimam

780 3407 1224 3468 distributionem
1264 3402 1585 3482 bipartitam
1623 3413 1864 3474 secutus,
1915 3402 2158 3481 priorem
2193 3401 2406 3462 librum
2441 3400 2664 3464 dixerit.

778 3521 1001 3581 Etenim
1040 3530 1101 3576 ut
1138 3514 1355 3576 Gellius
1391 3513 1506 3586 IX,
1554 3510 1658 3586 14,
1697 3511 1778 3571 22
1817 3512 2141 3592 simpliciter
2159 3513 2428 3573 Lucilius
2461 3521 2529 3572 in
2567 3536 2667 3573 εα-

779 3641 935 3712 tyris
976 3630 1193 3711 scripsit
1206 3673 1221 3700 ,
1283 3629 1359 3687 ita
1416 3628 1686 3706 interpres
1740 3624 1836 3684 ille
1893 3625 2100 3705 passim
2135 3632 2212 3688 ,in
2249 3633 2442 3684 satira
2479 3649 2630 3686 nona
2649 3671 2666 3700 ,

780 3747 999 3806 decima
1030 3753 1251 3813 octava,
1298 3759 1706 3818 nonnunquam
1745 3745 1810 3795 in
1845 3747 2192 3816 satyrarum
2225 3747 2442 3814 octavo,
2483 3749 2668 3819 soa-to,

782 3855 1061 3918 interdum
1098 3856 1367 3914 Lucilius
1388 3897 1403 3924 ,
1443 3852 1642 3911 omissa
1679 3851 1872 3910 satirae
1930 3863 1984 3910 et
2041 3849 2174 3910 libri
2213 3851 2490 3912 mentione
2507 3895 2525 3925 ,
2563 3873 2670 3933 po·-

780 3971 905 4030 suit.
989 3965 1252 4040 Accedit,
1294 3963 1444 4044 quod
1480 3963 1722 4046 plurima
1758 3963 1822 4022 in
1861 3963 1948 4022 his
1986 3962 2253 4025 brevibus
2289 3965 2512 4024 scholiis
2551 3966 2670 4026 Lu-

782 4082 899 4140 cilii
941 4082 1147 4140 mentio
1207 4079 1331 4138 vitii
1390 4077 1761 4158 suspicionem
1801 4075 1981 4150 tollit,
2039 4075 2297 4156 quodque
2333 4077 2496 4138 nulla
2533 4078 2672 4143 ratio

782 4206 899 4266 est,
956 4212 1058 4250 cur
1118 4163 1281 4252 illum
1301 4234 1318 4265 ,
1380 4189 1703 4254 brevissime
1743 4211 1916 4270 pauca
1961 4191 2178 4250 Horatii
2219 4190 2342 4250 loca
2383 4191 2671 4256 illustran-
