3075 5392
1727 587 1802 646 42

836 807 1069 848 censeas.
1154 788 1317 848 Illum
1376 801 1558 850 autem
1610 788 1883 870 egregium
1939 785 2010 846 de
2049 787 2250 846 virtute
2285 785 2498 857 locum,
2537 803 2702 863 quem

838 897 911 960 ai
970 900 1175 960 librum
1238 903 1562 984 vigesimum
1619 901 1878 980 quintum
1937 921 1990 981 p.
2042 899 2162 960 239
2203 895 2549 962 referendum
2591 918 2704 958 esse

838 1017 1053 1089 censui,
1110 1014 1185 1074 ad
1218 1015 1425 1076 librum
1463 1028 1750 1094 quartum,
1792 1013 1892 1075 ubi
1933 1013 2004 1072 de
2043 1013 2214 1072 simili
2253 1024 2572 1094 argumento
2611 1033 2708 1071 ac·-

842 1141 959 1188 tum
998 1129 1165 1188 fuisse
1204 1127 1366 1188 docui
1407 1150 1465 1209 p.
1498 1127 1646 1200 193,
1685 1129 1857 1188 tutius
1897 1127 2206 1186 referemus.
2247 1127 2386 1188 Nam
2415 1123 2707 1187 admonuit

841 1259 926 1298 me
986 1241 1047 1298 Ο.
1108 1239 1293 1299 Jahn
1343 1239 1406 1298 in
1462 1239 1700 1321 prolegg.
1754 1237 1827 1298 ad
1879 1239 2050 1298 Persii
2109 1237 2407 1298 editionem
2427 1281 2444 1310 ,
2503 1259 2560 1318 p.
2602 1238 2704 1298 LV

841 1346 935 1428 (cf.
974 1369 1035 1428 p.
1070 1346 1207 1429 157)
1248 1349 1570 1409 imitationis
1609 1350 1896 1412 Persianae
1937 1349 2046 1408 Sat.
2089 1349 2190 1408 111.
2232 1347 2313 1408 66
2352 1369 2468 1428 sqq.

962 1459 1213 1534 Discite,
1254 1484 1283 1520 ο
1322 1469 1521 1520 miseri
1532 1507 1551 1536 ‚
1591 1471 1651 1520 ot
1687 1485 1892 1522 causas
1931 1469 2234 1542 cognoscite
2273 1483 2490 1520 rerum.

966 1574 1122 1655 Quid
1160 1597 1361 1634 avemus
1401 1584 1459 1635 et
1498 1577 1775 1654 quidnam
1815 1581 2034 1634 victuri
2068 1575 2419 1657 gignimur?
2457 1574 2593 1634 ordo

968 1685 1112 1768 Quis
1146 1689 1321 1747 datus
1338 1732 1355 1758 ‚
1402 1699 1513 1748 aut
1553 1698 1736 1747 motae
1775 1711 1890 1768 qua
1929 1691 2116 1748 mollis
2133 1692 2370 1765 flemus,
2425 1699 2482 1748 et
2525 1689 2712 1748 unde?

970 1800 1113 1881 Quis
1148 1802 1344 1860 modus
1382 1802 1665 1884 argento?
1705 1802 1846 1880 quid
1862 1805 1978 1878 fas
2005 1803 2238 1880 optare?
2281 1803 2421 1880 quid
2447 1823 2616 1881 asper

971 1913 1125 1972 Utile
1162 1935 1436 1972 nummus
1472 1915 1678 1972 hahet?
1709 1923 1946 1992 patriae
1983 1923 2247 1993 carisque
2275 1922 2617 1994 propinquis

966 2027 1264 2109 Quantum
1293 2030 1542 2108 elargim'
1575 2028 1802 2098 doceam
1845 2048 2010 2104 quem
2047 2036 2105 2084 te
2145 2027 2304 2086 Deus
2343 2049 2458 2086 esse

962 2139 1185 2210 lussit,
1226 2148 1283 2196 et
1314 2140 1570 2198 humana
1607 2161 1719 2216 qua
1751 2149 1924 2216 parte
1961 2141 2178 2198 locatus
2216 2160 2273 2196 es
2307 2147 2371 2196 in
2410 2140 2514 2197 re?

847 2255 1049 2314 Partim
1088 2253 1299 2312 Persius
1340 2254 1602 2332 expressit
1622 2295 1637 2323 ,
1677 2274 1814 2329 quae
1857 2252 2102 2311 Lucilius
2143 2250 2217 2310 ad
2253 2251 2524 2310 Albinum
2544 2251 2714 2332 scrip·

850 2381 1007 2426 serat.
1048 2366 1284 2425 Tertiam
1318 2379 1494 2424 autem
1534 2366 1748 2422 satiram
1771 2365 1980 2424 Persius
2021 2385 2050 2423 e
2092 2364 2293 2424 Lucilii
2337 2376 2532 2441 quarto
2570 2362 2717 2422 libro

852 2501 1023 2559 quum
1044 2477 1254 2538 dicatur
1272 2477 1607 2536 transtulisse
1626 2476 1790 2559 (disp.
1812 2499 1883 2536 m.
1905 2499 1958 2559 p.
1977 2476 2130 2558 126),
2148 2476 2436 2558 probabile
2455 2489 2554 2549 est,
2583 2475 2718 2536 binc

855 2615 979 2652 etun
1024 2593 1240 2674 petiisse
1277 2612 1413 2670 quae
1452 2589 1525 2650 ad
1562 2613 1743 2650 rerum
1781 2612 1969 2650 causas
2007 2590 2458 2650 accommodavit.
2540 2590 2722 2663 Quare

854 2729 953 2766 cur
990 2707 1171 2767 Jahno
1210 2727 1265 2788 p.
1313 2704 1426 2765 143
1468 2703 1840 2786 displicuerit,
1899 2703 2030 2764 libri
2069 2705 2248 2784 quarti
2288 2705 2534 2782 reliquiis
2571 2704 2724 2784 frag-

840 2835 1101 2892 ‚mentum
1138 2819 1285 2878 illud
1320 2839 1629 2892 accensere,
1669 2839 1785 2878 non
1817 2815 2010 2893 vide03
2055 2839 2186 2878 nam
2217 2837 2378 2876 versu
2409 2815 2488 2876 38
2520 2816 2726 2896 pariter

840 2933 1065 3018 ‚dictum
1084 2953 1195 2992 esse
1215 2944 1389 3013 patet:
1431 2939 1711 2990 virtutem
1731 2933 1992 3005 videant,
2022 2933 2486 3010 intabescantque
2503 2931 2724 2988 relicta.

859 3049 1131 3106 Praeterea
1168 3046 1495 3124 conjunctus
1545 3063 1656 3104 esse
1695 3045 1872 3126 potuit
1911 3057 2054 3104 totus
2095 3043 2191 3104 ille
2229 3043 2300 3102 de
2338 3023 2538 3106 virtute
2576 3047 2728 3106 locus

862 3158 1017 3240 apud
1072 3158 1345 3220 Lucilium
1401 3179 1526 3216 cum
1576 3157 1678 3224 iis,
1720 3179 1956 3237 quorum
1995 3159 2299 3239 fragmenta
2340 3181 2454 3219 non
2493 3159 2730 3240 amplius

862 3285 1180 3354 supersunt;
1239 3291 1377 3350 quae
1432 3283 1612 3330 tamen
1665 3291 1880 3330 movere
1929 3270 2253 3330 scholiasten
2291 3283 2590 3352 potuerunt
2607 3315 2626 3344 ,
2667 3284 2732 3332 ut

862 3383 957 3446 illa
999 3407 1029 3443 a
1050 3385 1231 3445 Persio
1266 3403 1517 3464 expressa
1559 3383 1904 3442 existimaret.
1965 3385 2174 3444 Verum
2205 3383 2337 3443 haec
2377 3385 2554 3444 fusius
2591 3397 2735 3445 trac·

862 3512 975 3558 tare
1014 3497 1179 3576 hujus
1214 3495 1437 3574 quidem
1479 3495 1584 3554 loci
1638 3517 1751 3554 non
1801 3511 1894 3554 est.
1977 3498 2274 3570 Quocirca,
2333 3519 2506 3576 quum
2571 3497 2733 3558 nulla

865 3631 1021 3668 causa
1065 3609 1163 3680 sit,
1222 3629 1323 3668 cur
1358 3607 1510 3688 apud
1548 3609 1886 3668 Priscianum
1931 3609 2154 3668 alteram
2195 3610 2404 3670 codicis
2442 3609 2733 3674 lectionem

863 3731 924 3780 iu
984 3721 1141 3780 XIV
1195 3742 1319 3780 cum
1370 3721 1614 3782 Becker-o
1669 3744 1726 3803 p.
1769 3723 1882 3782 251
1947 3722 2374 3802 probabiliorem
2432 3724 2732 3785 habeamus

864 3837 1061 3905 altera,
1102 3857 1209 3914 qua
1248 3843 1312 3894 in
1345 3835 1505 3894 XVI
1541 3833 1791 3896 Fundius
1832 3836 2189 3918 compellatus
2227 3860 2258 3897 a
2297 3845 2456 3919 poeta
2499 3836 2737 3915 dicitur,

868 3971 965 4010 nec
997 3970 1127 4008 vero
1167 3969 1377 4007 necesse
1417 3949 1503 4020 sit,
1538 3961 1720 4008 tecum
1757 3949 1975 4008 Fundit·
2013 3971 2297 4032 personam
2337 3973 2368 4009 a
2405 3953 2587 4010 villici
2625 3949 2736 4012 dis-

864 4066 1140 4146 tinguere,
1180 4060 1472 4120 adhaerere
1514 4062 1581 4119 iis
1621 4061 1940 4142 poterimus,
1981 4083 2122 4140 quae
2160 4075 2318 4125 antea
2359 4063 2581 4137 monui,
2623 4064 2733 4122 nisi

867 4175 1039 4254 quod,
1085 4172 1523 4256 probabilitatem
1553 4173 1751 4246 secuti,
1783 4173 2049 4232 Albinum
2071 4175 2131 4233 in
2173 4187 2364 4253 quarto
2401 4174 2574 4246 libro,
2625 4197 2739 4234 non

872 4292 929 4348 iu
993 4291 1183 4368 quinto
1240 4301 1333 4345 aut
1388 4287 1645 4367 vigesimo
1703 4288 1924 4364 quinto,
2008 4309 2037 4345 a
2094 4287 2307 4346 Lucilio
2357 4287 2742 4367 compellatum

3047 2444 3055 2528 μή..
3050 2369 3057 2416 4,-
3052 2325 3054 2347 -
