3075 5392
1271 638 1311 697 3

350 833 625 895 videbam.
706 837 831 915 Quo
888 837 1195 920 spectaculo
1248 849 1461 899 motum
1513 837 1689 900 subiit
1735 861 1822 902 me
1859 837 2231 902 misericordia

348 945 535 1006 Croesi
571 947 927 1007 exclamantis
966 968 1148 1010 coram
1176 947 1411 1009 Solone:
1452 953 1541 1011 Ὦ,
1573 949 1724 1028 ξεῖνε
1763 950 2052 1022 Ἀθηναῖε,
2091 953 2123 1020 ἦ
2161 953 2226 1018 δὲ

345 1060 587 1135 ἡμετέρη
643 1059 957 1134 εὐδαιμονίη
1024 1059 1171 1121 οὕτω
1235 1084 1325 1121 τοι
1376 1061 1718 1134 ἀπέβριπτοιι
1777 1061 1857 1129 εἷς
1909 1062 1977 1118 τὶ
2018 1058 2222 1132 μηδένς

346 1162 494 1222 Tum
530 1185 661 1226 vero
710 1165 1004 1246 respiciens
1046 1165 1289 1227 laborem
1326 1187 1507 1228 meum
1547 1166 1831 1243 inutilem,
1872 1163 2220 1250 aggemebam

344 1272 485 1332 mihi
522 1274 871 1334 Persianum:
1485 1266 1491 1274 ’

472 1383 523 1444 0
562 1405 739 1446 ouran
777 1388 1103 1446 hominum!
1166 1386 1467 1470 Quantum
1502 1399 1590 1448 eet
1627 1397 1692 1450 in
1731 1389 1898 1446 rebus
1932 1386 2140 1445 inane!

422 1495 663 1572 Verum,
714 1494 867 1576 quod
902 1495 1025 1558 dixi
1082 1498 1370 1560 salutarem
1406 1500 1545 1560 mihi
1585 1501 1750 1561 fuisse
1790 1520 2078 1559 censuram
2125 1509 2224 1556 tu-

340 1624 458 1678 am,
485 1606 577 1664 'sic
608 1605 822 1666 habeto.
882 1607 1123 1668 Effecisti
1135 1653 1153 1686 ,
1193 1623 1255 1670 ut
1294 1609 1431 1670 editi
1470 1611 1666 1693 operis,
1707 1613 1864 1690 cujus
1901 1631 1989 1670 me
2028 1628 2222 1690 capere

258 1789 263 1792 ¹
338 1717 549 1779 oblivio
586 1732 863 1801 coeperat,
902 1741 1109 1782 memor
1144 1741 1315 1784 essem
1332 1768 1350 1798 ‚
1387 1737 1859 1806 argumentorum,
1915 1721 2118 1802 quibus
2155 1722 2218 1780 in

340 1829 701 1910 disquirendo
749 1854 881 1892 usus
928 1834 1140 1895 fueram
1150 1879 1169 1910 ,
1226 1835 1479 1897 ordinem
1529 1858 1594 1897 ac
1630 1837 1746 1899 vim
1783 1837 1968 1896 animo
2005 1849 2222 1918 repete-

337 1960 483 2014 rem,
522 1961 710 2000 eorum
749 1955 928 2003 autem
948 1987 966 2018 ‚
1006 1944 1211 2023 quibus
1250 1959 1314 2005 tu
1364 1959 1554 2006 contra
1594 1968 1722 2006 usus
1761 1967 1929 2020 esseS,
1970 1944 2072 2005 dili
2077 1967 2218 2026 gen-

336 2051 445 2112 tior
500 2073 533 2110 a
586 2073 675 2112 me
730 2053 869 2112 ratio
916 2053 1223 2115 baberetur.
1305 2058 1458 2132 Quae
1512 2059 1722 2136 quoties
1737 2103 1751 2129 ‚
1791 2056 2058 2116 sedatiore
2097 2058 2218 2134 jam⁴

335 2163 523 2222 animo
582 2175 741 2242 atque
796 2165 1079 2244 aequiore,
1130 2168 1265 2226 meis
1304 2168 1650 2249 opponebam
1662 2213 1680 2243 ‚
1731 2168 1889 2228 toties
1929 2181 2033 2228 usu
2073 2168 2212 2227 mihi

334 2274 617 2352 veniebat,
678 2289 740 2336 ut
795 2297 882 2336 me
940 2299 1057 2338 non
1114 2279 1353 2360 amplius
1390 2293 1499 2340 tam
1558 2281 1768 2362 pigeret
1802 2282 2211 2362 poeniteretque

334 2406 522 2445 eorum
570 2408 709 2466 quae
758 2387 820 2446 in
870 2386 1050 2448 lucem
1098 2389 1347 2448 miseram
1361 2433 1377 2460 ,
1437 2411 1606 2469 quam
1658 2403 1784 2450 ante
1841 2390 2216 2471 poenituisset.

333 2493 486 2568 Quin
518 2493 773 2556 dubitare
791 2497 974 2578 coepi,
1004 2518 1142 2557 num
1153 2541 1172 2572 ,
1210 2496 1361 2578 quod
1398 2500 1610 2580 saepius
1647 2511 1701 2559 te
1737 2513 2017 2582 urgentem
2046 2497 2214 2560 vide-

332 2606 461 2669 bam
473 2653 491 2683 ‚
509 2629 637 2670 vere
667 2607 889 2670 haberet
907 2653 925 2683 ‚
944 2609 1155 2690 ingenii
1174 2609 1394 2669 excitati
1414 2609 1622 2691 impetu
1641 2623 1695 2668 et
1713 2609 1950 2691 agilitate
1966 2611 2210 2691 plurima

332 2741 421 2781 me
455 2723 716 2796 movisse,
744 2723 1078 2803 promovisse
1106 2743 1317 2804 parum.
1358 2722 1534 2801 Atque
1555 2721 1722 2800 hujus
1741 2721 1965 2802 quidem
1989 2720 2206 2782 dubita-

330 2833 497 2893 tionis
558 2834 839 2893 maturitas
892 2833 1114 2914 impulit
1172 2853 1260 2892 me
1277 2878 1295 2908 ‚
1356 2845 1452 2908 ut,
1493 2829 1814 2914 diligentius
1844 2830 2077 2913 singulis
2115 2853 2205 2890 re·-

328 2945 597 3016 tractatis‚
638 2943 707 3003 de
729 2943 817 3003 his
854 2943 988 3026 ipsis
1018 2941 1093 3002 ad
1132 2955 1185 3002 te
1224 2942 1531 3002 scriberem.
1573 2942 1760 3021 Neque
1799 2940 1861 3000 id
1890 2954 1942 3000 te
1981 2940 2204 3000 moleste

328 3057 573 3118 laturum
632 3056 879 3134 confido,
938 3055 1152 3116 aditum
1210 3054 1285 3115 ad
1332 3069 1385 3116 te
1441 3077 1558 3115 non
1595 3054 1756 3116 facile
1785 3054 2041 3133 cuiquam
2062 3099 2080 3126 ‚
2119 3055 2201 3112 tui

328 3169 482 3229 haud
520 3171 705 3230 minus
742 3169 1008 3230 audiendi
1047 3191 1212 3249 quam
1250 3167 1487 3228 tuendae
1524 3169 1771 3230 veritatis
1807 3167 2074 3242 studioso,
2093 3191 2201 3248 qua

328 3305 384 3343 es
424 3283 761 3358 urbanitate,
800 3281 1235 3343 interdicentem.
1316 3283 1660 3363 Quapropter
1695 3281 1844 3341 bono
1883 3283 2068 3342 animo
2099 3304 2202 3342 ex-

326 3392 540 3468 ordiar,
583 3399 651 3458 ae’t
681 3419 749 3456 κε
786 3398 1001 3463 πίθηαι.

409 3506 669 3588 Carpsisti
709 3507 771 3566 in
812 3505 1024 3586 ephem.
1058 3504 1302 3586 Gotting.
1340 3527 1388 3564 a.
1427 3503 1872 3564 MDCCCXLIII
1911 3525 2065 3563 num.
2119 3503 2201 3562 36

326 3639 443 3699 sqq.
496 3619 629 3680 libri
658 3621 765 3679 mei
803 3619 1034 3678 formam
1074 3632 1127 3677 et
1166 3617 1608 3678 distributionem
1622 3661 1638 3690 ,
1679 3637 1845 3696 quam
1897 3617 2198 3676 tumultua-

324 3735 465 3792 riam
506 3752 609 3791 nec
648 3743 793 3790 certo
832 3729 1165 3809 definitaque
1200 3729 1429 3789 consilio
1467 3741 1626 3807 atque
1665 3725 1861 3786 ordine
1890 3726 2201 3786 institutam.

318 3841 722 3920 pronunciasti.
802 3837 873 3898 Id
915 3840 1119 3918 injuria
1157 3861 1189 3898 a
1228 3852 1283 3898 te
1322 3840 1527 3898 factum
1567 3857 1705 3908 esse,
1759 3838 2061 3896 consentiet
2099 3840 2198 3917 qui

323 3949 799 4024 animadverterit,
850 3949 1313 4028 quemadmodum
1368 3951 1431 4009 in
1480 3947 1860 4028 componendo
1917 3947 2062 4007 libro
2093 3951 2200 4011 sim

323 4076 584 4124 versatus.
664 4063 792 4122 Non
849 4063 999 4125 enim
1057 4065 1397 4125 collectanea
1452 4060 1721 4141 quaedam
1779 4061 2017 4120 conflare
2058 4063 2196 4122 mihi

319 4177 663 4258 propositum
718 4189 860 4252 erat3
918 4195 1081 4256 quem
1137 4176 1199 4240 in
1241 4196 1476 4235 errorem
1518 4188 1568 4234 te
1606 4172 1842 4234 induxit.
1872 4175 2091 4248 titulus,
2134 4176 2196 4233 in

298 4305 435 4364 quo
472 4286 719 4356 eontulit
757 4284 830 4345 ad
871 4287 1067 4346 studia
1104 4291 1330 4347 critica>
1354 4283 1704 4344 referendum
1730 4303 1870 4360 esse,
1912 4305 2024 4344 non
2048 4284 2198 4345 nude
