3075 5392
412 1443 862 1554 CAROLO
919 1455 982 1550 F
986 1440 1546 1551 RJDERICO
1597 1449 2066 1550 HERMAN
2075 1449 2150 1546 N

511 1625 519 1635 ἃ
814 1669 1061 1804 ῩΙΒΟ
1150 1673 1747 1752 CLARISSIMO

1158 1891 1209 1934 s.
1256 1891 1313 1934 r.
1358 1881 1423 1936 n.

669 2043 760 2102 ,1.
836 2044 935 2102 A.-
1010 2027 1099 2102 c.
1177 2044 1384 2100 vim
1454 2044 1877 2103 unusne,
1996 2020 2000 2025 ’

1107 2301 1529 2334 ἧος»...

339 2546 343 2551 ·
426 2523 627 2593 Καλῆς
685 2521 1060 2598 ἐκκέκρονκάς
1111 2547 1185 2598 με
1238 2497 1505 2594 {iou-1304,
1577 2519 1666 2579 vir
1722 2519 2216 2600 praestantissime!

341 2631 479 2691 Nam
512 2645 797 2712 postquam
834 2632 1005 2693 literis
1034 2632 1110 2692 ad
1126 2653 1212 2692 me
1232 2631 1375 2692 datis
1396 2629 1546 2692 Idib.
1564 2633 1694 2690 Dec.
1715 2652 1764 2689 a.
1783 2629 2222 2706 MDCCCXLII,

339 2751 393 2797 et
432 2740 727 2798 amicitiam
766 2753 818 2798 et
854 2739 1288 2801 benivolentiam
1330 2761 1457 2820 erga
1493 2760 1580 2798 me
1597 2751 1750 2797 tuam
1771 2736 2179 2796 declarantibus
2199 2781 2218 2812 ,

338 2867 489 2927 spem
523 2848 660 2906 mihi
698 2849 965 2929 egregiam
1004 2850 1206 2908 feceras
1219 2893 1235 2922 ,
1273 2841 1578 2908 indicando
1617 2869 1646 2904 α
1663 2844 1964 2910 decrevisse
1981 2861 2036 2907 te
2050 2891 2066 2918 ,
2085 2869 2218 2908 mox

240 3025 243 3028 ⁴
336 2958 401 3016 in
441 2958 885 3038 ephemeridibus
922 2959 1373 3041 Gottingensibus
1411 2959 1596 3041 palam
1633 2975 1904 3040 exponere
1926 3003 1940 3028 ,
1996 2955 2066 3016 de
2097 2957 2217 3016 Lu—

332 3066 467 3126 cilio
504 3082 773 3148 quantum
804 3069 909 3129 tibi
945 3091 1161 3130 mecum
1198 3069 1544 3144 conveniret,
1575 3081 1846 3148 quantum
1865 3089 2010 3138 non,
2026 3091 2054 3124 >a
2077 3066 2214 3127 haec

332 3180 593 3262 equidem
630 3181 761 3242 talia
802 3183 1183 3264 exspectabam
1234 3185 1351 3244 fore
1365 3228 1381 3255 ,
1422 3196 1509 3255 ut,
1553 3181 1776 3242 detectis
1814 3180 2212 3262 denudatisque

331 3292 487 3353 vitiis
501 3335 517 3363 ,
557 3291 774 3372 aliquid
810 3307 950 3352 certe
988 3295 1137 3376 frugi
1173 3295 1236 3384 in
1260 3294 1405 3354 libro
1446 3315 1566 3354 meo
1603 3307 1878 3375 superesse
1915 3306 2212 3368 constaret,

332 3425 447 3484 quo
497 3425 614 3464 non
662 3406 891 3466 omnino
922 3406 1105 3466 oleum
1140 3421 1193 3466 et
1228 3429 1448 3489 operam
1480 3428 1568 3467 me
1605 3405 1908 3489 perdidisse
1946 3407 2219 3488 intellige·'

329 3537 467 3576 rem.
550 3516 717 3576 Secus
772 3515 1033 3578 accidisse
1081 3539 1145 3578 ac
1184 3521 1536 3600 speravissem
1555 3564 1573 3593 ‚
1617 3541 1728 3579 non
1759 3540 1892 3580 sane
1921 3531 2015 3578 tua
2049 3518 2218 3601 culpa

330 3639 413 3688 est
437 3672 455 3702 ‚
488 3628 584 3710 qui
622 3626 763 3706 quid
798 3630 861 3688 in
898 3629 1096 3689 animo
1119 3643 1253 3690 tunc
1291 3630 1535 3704 habere5‚
1565 3629 1717 3710 quod
1755 3625 2074 3712 propediem
2105 3649 2212 3688 me-

330 3759 462 3798 cum
525 3737 707 3818 palam
766 3741 1269 3800 communicaturus
1322 3745 1459 3801 esses
1472 3787 1490 3815 ,
1549 3741 1722 3823 probe
1776 3743 1894 3821 ipse
1952 3759 2212 3813 noveras,

328 3852 434 3911 etsi
473 3873 559 3910 me
590 3851 995 3934 imprudentius
1034 3853 1260 3913 celares:
1304 3855 1439 3913 mihi
1474 3852 1658 3914 tamen
1695 3867 1757 3914 ut
1795 3852 1942 3913 nora
1977 3866 2032 3912 et
2059 3853 2215 3913 inex-

327 3979 569 4048 spectata
583 4011 603 4041 ,
664 3969 739 4026 ita
790 3988 1053 4048 perquam
1103 3968 1353 4028 salutaris
1412 3957 1531 4026 fuit'
1579 3987 1838 4028 censurae
1886 3965 2045 4027 illius
2091 3978 2216 4026 tuae

326 4077 491 4136 ratio·
543 4077 709 4152 Quod
747 4077 913 4159 plane
945 4091 1059 4138 tum
1092 4081 1323 4161 cognovi
1342 4088 1544 4158 quum,
1574 4078 1712 4138 lecta
1733 4064 2053 4152 Roversi,
2085 4095 2218 4136 con·

347 4183 539 4246 ebrini
574 4187 711 4261 mei,
750 4188 1021 4258 oratione,
1063 4209 1457 4270 compereram,
1496 4189 1692 4267 quanti
1727 4185 2038 4261 interesset,
2073 4186 2217 4246 anti·

323 4295 556 4376 quitatis
594 4296 945 4379 interpretem
985 4299 1048 4358 in
1080 4297 1391 4360 dubitando
1426 4299 1752 4382 prudentem
1791 4311 1920 4359 esse.
1963 4299 2080 4362 Sed·
2116 4296 2226 4357 ubi·

1961 4409 2002 4472 1⁴

1094 4579 1561 4686 5035}ss
