3075 5392
1391 571 1457 629 11

482 779 652 838 fuisse
694 777 888 854 latam3
933 776 1085 857 quod
1131 779 1251 837 fieri
1305 799 1420 836 non
1463 778 1673 858 potuit,
1711 779 1757 835 si
1799 776 2045 858 longiore
2086 776 2379 840 ,intervallo

483 889 746 950 distitisse
786 890 962 971 legem
1004 890 1168 948 latam
1201 904 1252 948 et
1271 890 1617 950 tribunatum
1638 891 1797 949 illum
1818 902 2188 950 statueremus,
2234 893 2380 949 Tum

481 1001 632 1080 quod
693 1002 918 1076 dixisti,
979 1003 1154 1082 legem
1194 1003 1498 1077 Liciniam,
1559 1023 1727 1083 quae,
1787 1004 1978 1083 paucis
2018 1005 2277 1075 mutatis,
2318 1005 2379 1062 in

481 1111 760 1192 plerisque
789 1131 916 1173 cum
959 1111 1175 1170 Fannia
1195 1111 1530 1192 congruebat
1549 1111 1744 1194 (Macr.
1789 1112 1843 1170 Π
1860 1155 1874 1182 ,
1925 1109 2051 1192 13),
2094 1113 2379 1172 severitate

477 1224 740 1303 pristinas
781 1243 1088 1304 superasse,
1133 1222 1336 1284 diserto
1365 1224 1675 1283 testimonio
1705 1222 1875 1284 Gellii
1916 1223 2026 1306 (ΙΙ,
2067 1221 2171 1304 24)
2210 1223 2381 1282 refel-

478 1334 629 1396 litur.
713 1338 962 1416 Namque
1022 1339 1068 1395 F
1068 1337 1239 1395 annia
1299 1335 1526 1414 quidem
1578 1356 1693 1395 non
1746 1337 2013 1409 severior,
2055 1334 2151 1394 sed
2190 1337 2377 1393 mitior

481 1447 610 1523 fuit;
655 1450 814 1526 cujus
854 1449 934 1506 rei
975 1449 1080 1508 hoc
1117 1446 1394 1506 indicium
1433 1460 1537 1521 est,
1577 1446 1732 1526 quod
1770 1469 1942 1526 quum
1966 1447 2195 1525 utraque
2218 1446 2378 1504 certis

479 1557 680 1618 diebus
733 1573 992 1619 centenos
1033 1561 1172 1618 aeris
1232 1559 1484 1640 impendi
1533 1561 1967 1641 permitteretur,
2007 1560 2121 1618 sola
2160 1560 2377 1618 Licinia

479 1673 692 1754 nuptiis
732 1693 950 1752 quoque
991 1672 1234 1733 ducenos
1266 1672 1525 1746 indulsit,
1568 1691 1847 1752 quumque
1880 1672 1979 1730 illa
1992 1717 2009 1745 ,
2050 1673 2111 1730 in
2132 1671 2377 1751 singulos

479 1797 781 1844 ceterorum
799 1784 1036 1859 dierum,
1057 1797 1270 1843 sumtus
1288 1786 1432 1844 intra
1471 1787 1613 1844 aeris
1653 1786 1789 1844 alias
1823 1787 2085 1857 tricenoS‚
2129 1784 2265 1842 alias
2284 1782 2376 1842 de·

478 1917 610 1968 1108,
651 1897 854 1956 inclusi
897 1911 1100 1969 essent,
1151 1897 1284 1956 haec
1325 1899 1562 1956 tricenos
1600 1897 1897 1955 constituit.
1982 1899 2107 1955 Non
2151 1917 2239 1954 mc
2282 1897 2378 1954 fu-

476 2010 588 2090 git,
649 2009 998 2068 Mam-obium
1051 2029 1301 2082 narrare,
1362 2010 1636 2068 sancitum
1680 2009 1897 2066 Licinia
1940 2010 2139 2080 fuisse,
2182 2019 2241 2065 ut
2282 2029 2378 2065 ca-

476 2122 694 2192 lendiS,
755 2123 950 2196 noniS,
1005 2121 1279 2182 nundinis
1321 2123 1585 2181 Romanis
1626 2121 1825 2198 cuique
1867 2122 1927 2178 in
1970 2119 2089 2178 dics
2130 2119 2375 2200 singulos

477 2235 704 2314 triginta
743 2252 886 2294 asses
926 2232 1140 2294 edundi
1181 2235 1343 2293 causa
1392 2252 1715 2292 consumere
1754 2233 1969 2306 liceret,
2008 2233 2200 2292 ceteris
2238 2253 2371 2292 vero

479 2345 704 2418 diebus,
766 2347 864 2424 qui
913 2348 1128 2427 excepti
1187 2368 1303 2405 non
1361 2359 1566 2418 essent,
1621 2367 1691 2406 ne
1732 2347 1970 2426 amplius
2010 2359 2377 2426 apponeretur

477 2476 646 2534 quam
705 2457 886 2515 carnis
946 2456 1131 2516 aridae
1191 2456 1380 2536 pondo
1431 2457 1536 2515 tria
1593 2469 1644 2514 et
1693 2456 2141 2514 salsamentorum
2185 2452 2373 2534 pondo

478 2565 652 2643 libra,
692 2583 744 2627 et
786 2568 936 2647 quod
977 2589 1047 2628 ex
1099 2583 1268 2643 terra,
1325 2571 1436 2626 vite
1489 2568 1753 2626 arboreve
1792 2579 1929 2626 essct
1975 2579 2191 2635 natum3
2258 2587 2373 2623 non

477 2681 683 2754 nescio,
700 2682 1118 2752 Portunianum,
1139 2693 1272 2740 teste
1292 2681 1376 2740 Jo.
1402 2679 1791 2739 salesberiensi
1814 2681 2111 2756 Polycrat.
2138 2679 2294 2750 VlII,
2316 2677 2373 2750 7,

479 2790 717 2866 addere,
770 2792 1044 2852 Liciniam
1085 2813 1316 2852 numero
1355 2792 1719 2853 convivarum
1778 2805 1831 2851 et
1890 2792 2182 2870 quantitati
2226 2811 2373 2850 sum-

475 2915 636 2962 tuum
677 2917 730 2962 ct
769 2905 1011 2962 cautioni
1053 2904 1328 2977 locorum,
1371 2903 1588 2963 dicrum
1629 2918 1681 2963 et
1721 2919 2028 2984 temporum
2070 2907 2371 2986 praescrip-

479 3015 610 3074 sisse
629 3015 905 3096 rcgulam,
947 3036 1018 3074 ne
1041 3016 1380 3094 quotidianis
1419 3017 1605 3076 liceret
1632 3017 1905 3076 exsultare
1926 3019 2230 3090 conviviis,
2252 3017 2369 3078 dics

477 3141 650 3190 certos
676 3127 1093 3209 praefinientem
1104 3171 1122 3202 ,
1158 3127 1362 3207 quibus
1397 3141 1534 3187 esset
1568 3130 1892 3208 permissum
1912 3129 2217 3189 convivari.
2259 3127 2368 3187 Sed

477 3237 728 3311 videbis,
789 3235 1126 3318 quantillum
1159 3240 1252 3299 bic
1291 3241 1425 3300 novi
1467 3253 1723 3299 statutum
1766 3242 1863 3311 sit,
1908 3241 2153 3320 inspecto
2195 3240 2370 3299 Athe-

475 3351 604 3410 naei
653 3351 774 3410 loco
821 3351 957 3434 (VI,
1003 3351 1174 3432 108),
1219 3352 1348 3420 ubi,-
1402 3353 1674 3412 Fanniam
1718 3373 2055 3424 memorans,
2111 3352 2175 3410 ea
2228 3351 2365 3410 dicit

475 3465 748 3524 sancitum
773 3465 972 3538 fuisse,
1011 3486 1083 3524 ne
1099 3467 1224 3544 quis
1253 3479 1468 3546 praeter
1499 3463 1825 3524 domesticos
1856 3465 2042 3546 plures
2073 3487 2237 3543 quam
2259 3477 2367 3524 tres

473 3578 736 3638 convivio
775 3577 1078 3658 exciperet,
1118 3577 1394 3636 nundinis
1432 3599 1563 3638 vero
1611 3599 1776 3656 quam
1814 3580 2089 3657 quinque:
2134 3601 2203 3636 ne
2243 3579 2369 3656 quis

475 3708 640 3769 porro
667 3688 908 3769 amplius
943 3689 1310 3770 quadraginta
1340 3691 1553 3750 assibus
1584 3690 1943 3750 obsoniorum
1973 3693 2135 3750 causa
2157 3693 2371 3772 impen-

471 3799 648 3871 deret,
681 3819 824 3862 neve
864 3803 1046 3861 carnis
1087 3799 1276 3862 aridae
1313 3805 1615 3881 quotannis
1658 3803 1895 3884 amplius
1924 3803 2075 3862 mille
2094 3806 2368 3883 octoginta

475 3911 636 3972 libris
668 3911 860 3993 pondo
889 3927 1260 3988 consumeret,
1289 3915 1504 3974 olerum
1537 3932 1669 3976 vero
1700 3916 1841 3974 terra
1866 3928 2120 3973 natorum
2140 3929 2193 3973 et
2211 3915 2373 3996 legu-

477 4025 698 4084 minum
741 4038 1020 4084 coctnrum
1060 4039 1329 4104 quantum
1369 4029 1600 4106 quisque
1640 4027 1822 4088 vellet.
1874 4025 2167 4106 Quidquid
2204 4029 2374 4108 igitur

475 4136 774 4196 severitatis
815 4149 1086 4218 superest,
1149 4138 1248 4198 illa
1263 4183 1280 4211 ,
1333 4155 1500 4217 quam
1540 4138 1694 4214 dixi,
1755 4139 2045 4220 largitione
2081 4153 2135 4198 et
2175 4139 2375 4199 indul-

473 4248 656 4326 gentia
695 4267 824 4308 eum
865 4247 938 4308 ad
979 4248 1208 4309 modum
1241 4263 1538 4331 temperata
1572 4251 1679 4310 fuit
1698 4294 1716 4325 ,
1761 4262 1818 4309 ut
1830 4295 1847 4325 ,
1878 4250 2028 4328 quod
2056 4251 2374 4311 Macrobius
