3075 5392
1731 591 1810 652 30

822 796 954 871 deo,
994 798 1137 876 quin
1172 797 1453 878 explorem
1495 819 1643 871 mea,
1704 813 1798 858 tua
1835 801 2167 880 perquiram.
2249 802 2396 876 Quia
2433 815 2614 862 autem
2651 815 2706 862 et

818 911 870 970 J.
904 908 1165 970 Becker
1202 908 1307 970 hoc
1324 923 1712 992 argumentum
1731 911 2012 986 tractavit,
2041 924 2096 972 et
2115 932 2216 993 per
2243 913 2362 990 ejus
2383 911 2705 994 disputatio·

817 1042 947 1082 nem
970 1020 1317 1101 aliquatenus
1341 1022 1694 1084 certeSchm
1710 1022 1841 1084 idti
1861 1037 1916 1084 et
1935 1023 2380 1084 Schonbecki
2413 1027 2704 1106 opiniones

816 1131 889 1192 de
947 1131 1219 1193 librorum
1277 1129 1668 1192 distributione
1723 1134 1988 1214 cognovi,
2047 1154 2243 1215 operae
2301 1134 2542 1215 pretium
2601 1135 2704 1196 erit

815 1245 1035 1328 singula
1085 1243 1304 1323 judicio
1360 1244 1694 1306 submittere.
1795 1245 2013 1306 Placuit
2067 1244 2156 1306 his
2214 1247 2562 1319 existimare,
2621 1245 2706 1306 li-

813 1358 980 1418 brum
1025 1358 1265 1439 priorem
1320 1364 1546 1439 viginti
1560 1401 1580 1430 ,
1623 1357 1976 1437 posteriorem
2033 1359 2220 1416 decem
2275 1357 2440 1418 libris
2493 1359 2704 1418 consti-

814 1471 945 1531 tisse
957 1493 977 1546 ;
1036 1471 1197 1549 cujus
1233 1467 1526 1532 divisionis
1566 1467 1892 1549 probandae
1925 1469 2090 1530 causa
2129 1468 2352 1530 nullum
2409 1469 2568 1530 aliud
2617 1493 2702 1530 ar·

814 1594 1139 1665 gumentum
1196 1581 1499 1642 attulerunt
1545 1581 1656 1640 nisi
1701 1581 1859 1640 metri
1911 1581 2212 1657 rationem,
2252 1579 2406 1661 quod
2445 1581 2700 1642 hexame-

812 1697 911 1756 tris
953 1695 1155 1776 viginti
1204 1694 1443 1776 priores,
1493 1693 1702 1772 jambis
1759 1706 1813 1754 et
1853 1694 2119 1756 trochaeis
2168 1709 2382 1776 praeter
2439 1696 2702 1756 ultimum

812 1829 1016 1870 novem
1062 1807 1382 1888 posteriores
1418 1806 1717 1886 conscripti
1757 1807 2002 1867 fuerunt.
2084 1808 2296 1868 Verum
2337 1807 2408 1868 de
2447 1810 2698 1890 vigesimi

810 1920 979 2001 primi
1017 1932 1189 1980 metro
1220 1918 1367 1978 nihil
1406 1931 1648 1992 constat,
1687 1919 1846 1996 cujus
1875 1940 1948 1979 ne
1969 1941 2146 1980 unum
2163 1920 2394 2000 quidem
2413 1922 2697 2002 fragmen-

810 2045 929 2092 tum
967 2045 1241 2114 superest;
1284 2051 1425 2111 quae
1462 2051 1628 2092 causa
1667 2032 1808 2107 fuit,
1845 2051 1948 2092 cur
1986 2031 2199 2094 Becker
2241 2055 2294 2114 p.
2325 2032 2451 2094 244
2489 2032 2698 2094 dubius

808 2143 1089 2217 haereret,
1150 2149 1442 2222 viginti
1496 2163 1572 2200 an
1632 2164 1854 2200 unum
1891 2150 1960 2200 ot
1995 2149 2286 2223 viginti
2323 2144 2468 2223 parti
2523 2145 2697 2223 priori

806 2253 979 2314 libros
1015 2252 1342 2314 vindicaret.
1383 2254 1463 2310 Ac
1500 2250 1664 2311 facile
1705 2252 1831 2329 quis
1869 2250 2066 2311 induci
2103 2267 2320 2332 posset,
2360 2267 2422 2312 ut
2443 2255 2696 2334 opinare-

804 2377 930 2437 tur,
957 2385 1145 2445 reapse
1164 2365 1472 2424 Varronem
1488 2365 1558 2420 de
1575 2363 1644 2422 L.
1676 2362 1746 2422 L.
1768 2363 1842 2435 V,
1867 2363 1941 2425 17
1967 2364 2207 2443 priorem
2227 2364 2432 2426 Lucilii
2451 2365 2692 2442 librum,

742 2551 745 2554 ᾗ
806 2479 905 2556 qui
978 2497 1195 2536 unum
1252 2483 1325 2534 et
1373 2481 1664 2556 viginti
1719 2473 1893 2534 libros
1929 2475 2326 2552 continuisset,
2385 2477 2694 2554 indicasse,

804 2589 1023 2650 heroico
1072 2601 1245 2648 metro
1284 2587 1640 2669 compositos,
1681 2609 1860 2668 neque
1896 2587 2096 2650 iccirco
2132 2609 2350 2650 necesse
2387 2611 2500 2650 esse
2539 2591 2696 2652 arbi-

802 2702 937 2762 trari
957 2745 975 2775 ,
1012 2713 1190 2762 totum
1226 2720 1367 2781 opus
1422 2700 1777 2760 Lucilianum
1833 2701 1902 2762 iis
1953 2701 2086 2762 solis
2133 2704 2456 2764 constitisse.
2539 2707 2694 2780 Quae

800 2835 935 2876 sane
964 2814 1235 2896 suspicio,
1274 2814 1375 2872 etsi
1400 2833 1657 2894 magnam
1695 2813 1932 2894 speeiem
1963 2813 2163 2875 habeat
2174 2857 2194 2890 ,
2233 2827 2417 2876 tamen
2445 2830 2694 2898 propter·

800 2949 867 2988 ea
906 2928 1041 2988 ferri
1078 2948 1197 2987 non
1234 2939 1408 3008 potest
1426 2969 1445 3000 ,
1485 2924 1638 3006 quod
1677 2927 1918 2986 maxime
1959 2927 2164 2986 mirum
2199 2928 2336 2988 foret
2349 2971 2366 3000 ,
2407 2941 2536 2989 ante
2582 2931 2695 2990 Do·

799 3053 997 3102 natum
1033 3039 1314 3100 neminem
1344 3036 1416 3098 de
1454 3059 1655 3100 novem
1693 3039 2012 3119 postremis,
2051 3039 2148 3118 qui
2187 3038 2396 3100 librum
2431 3043 2692 3121 posterio-

799 3174 917 3214 rem
956 3153 1255 3213 effecissent
1272 3196 1290 3226 ,
1332 3151 1507 3211 ullam
1547 3150 1887 3212 mentionem
1924 3151 2132 3210 fecisse.
2213 3152 2404 3231 Itaque
2441 3152 2576 3212 haec
2611 3174 2693 3214 sa·

796 3265 871 3326 tis
929 3265 1113 3347 gravis
1150 3285 1317 3325 causa
1354 3261 1619 3345 impedit,
1669 3263 1968 3342 quominus
2008 3264 2276 3326 Varronis
2311 3265 2498 3326 locum
2537 3266 2694 3328 aliter

798 3398 863 3438 ac
920 3399 979 3458 p.
1039 3376 1160 3438 257
1222 3377 1453 3438 fecimus
1474 3421 1489 3446 ,
1550 3376 1990 3456 interpretemur.
2072 3377 2326 3437 Ceterum
2380 3380 2693 3457 conjectura

797 3490 1153 3551 schonbecki
1192 3487 1269 3549 ad
1307 3487 1485 3550 XXX
1502 3485 1868 3570 (XXVIIII),
1914 3487 2017 3564 17,
2059 3488 2159 3548 uhi
2171 3533 2188 3563 ‚
2219 3503 2352 3550 teste
2371 3490 2614 3550 Becker-o
2631 3510 2690 3571 p.

798 3602 949 3677 255,
976 3603 1205 3663 decom
1232 3608 1630 3660 naucratim-um
1669 3621 1918 3660 suarum
1934 3600 2214 3660 Lucilium
2243 3601 2432 3662 fecisse
2461 3604 2691 3662 mentio·

799 3735 929 3776 nem
958 3714 1197 3796 putavit,
1232 3733 1370 3793 quas
1408 3711 1505 3772 ille
1541 3719 1613 3771 vi
1618 3719 1752 3794 gin
1765 3720 1832 3772 ta·
1861 3712 2140 3794 prioribus
2173 3711 2480 3786 addiderit,
2521 3737 2689 3794 quam

799 3830 1007 3888 ineerta
1025 3828 1114 3902 sit,
1126 3825 1377 3887 Gerlae
1390 3824 1429 3884 h
1448 3822 1654 3906 prodit,
1671 3825 1769 3902 qui
1789 3823 1863 3884 ad
1875 3825 2120 3885 Nonium
2140 3847 2173 3886 a
2193 3847 2248 3885 se
2267 3826 2482 3886 editum
2495 3849 2551 3908 p.
2565 3827 2688 3888 232

794 3939 1003 4023 (notit),
1043 3957 1319 4003 novorum
1352 3935 1610 3998 codicum
1647 3937 1876 4017 vestigia
1895 3936 2080 4018 legens
2095 3981 2114 4012 ,
2133 3939 2370 4016 conjecit
2389 3939 2690 4020 legendum

794 4073 935 4114 esse:
977 4073 1113 4110 eum
1148 4052 1404 4110 dederim
1442 4056 1599 4108 vitae
1638 4069 1794 4108 meae
1832 4055 2130 4132 epitagma
2151 4051 2368 4128 Apolli.
2411 4053 2526 4111 Nec
2555 4074 2688 4114 vem

798 4165 1063 4226 assentior
1098 4163 1343 4226 Beckero
1360 4205 1379 4236 ,
1418 4162 1517 4240 qui
1537 4203 1556 4235 ,
1591 4161 1984 4243 praeeuntibus
2019 4162 2258 4224 Lersclio
2297 4175 2352 4222 et
2369 4163 2658 4224 Schmidto
2668 4205 2686 4240 ,

794 4266 1131 4340 divisionem
1162 4275 1227 4337 in
1246 4274 1423 4336 libros
1453 4273 1678 4355 triginta
1708 4287 1950 4336 ctu-atam
1984 4274 2152 4336 fuisse
2179 4297 2216 4335 a
2236 4276 2460 4337 Valerio
2477 4278 2685 4337 Catone
