3075 5392
1737 531 1810 590 10

830 744 903 800 cit
934 742 1021 800 Ol.
1068 739 1201 810 180,
1226 740 1282 813 4,
1322 741 1700 820 Hiemnymus
1739 759 1868 798 vero
1907 737 1994 798 Ol.
2035 735 2170 810 180,
2189 735 2247 796 2.
2289 737 2434 796 Silui
2457 760 2586 798 vero
2619 739 2720 799 ad·-

832 855 942 912 huc
986 854 1313 934 Hieronymi
1354 851 1742 932 negligentiam
1782 851 1844 911 in
1864 848 2172 910 indicando
2203 851 2499 910 Cnunt
2532 851 2718 926 obitu,

832 988 997 1045 quam
1047 980 1355 1025 extremum
1416 984 1714 1022 memorare
1761 961 1934 1021 malui
1953 1007 1971 1035 ,
2027 963 2160 1041 quia
2199 964 2428 1044 propius
2464 963 2616 1024 abest
2650 964 2718 1024 ab

833 1104 921 1154 ea,
974 1101 1138 1158 quam
1183 1081 1241 1136 in
1282 1077 1481 1136 Lucilii
1524 1089 1696 1135 aetate
1727 1074 2110 1134 constituenda
2153 1076 2484 1136 commisisse
2525 1076 2719 1136 Hiem-

837 1215 1073 1276 nymum
1134 1191 1507 1250 demonstrare
1563 1187 1768 1248 studui.
1851 1187 2056 1246 Scribit
2113 1189 2268 1248 enim
2308 1189 2718 1270 Hieronymus:

838 1307 925 1366 Ol.
994 1304 1126 1376 180,
1148 1304 1185 1362 4
1225 1303 1355 1385 (57)
1418 1302 1688 1360 Catullus
1730 1307 2017 1360 tricesimo
2057 1307 2270 1360 aetatis
2319 1321 2473 1360 anno
2513 1301 2722 1358 Romae

838 1427 1108 1476 mor-itur.
1150 1419 1273 1477 Jam
1317 1416 1434 1495 ipsa
1474 1413 1676 1472 Catulli
1717 1415 1962 1472 carmina
1997 1434 2235 1474 ermrem
2273 1416 2394 1492 ejus
2413 1413 2717 1490 ostendunt,

838 1531 1041 1609 quibus
1096 1549 1269 1607 quum
1327 1548 1441 1585 non
1495 1538 1710 1584 tantum
1771 1527 2017 1606 Pompeji
2049 1526 2188 1585 alter
2225 1527 2544 1586 consulatus
2575 1527 2723 1610 (55),

838 1642 935 1702 sed
977 1643 1137 1701 etiam
1174 1640 1389 1698 Vatinii
1430 1636 1560 1719 (47)
1614 1651 1969 1710 memoretur,
2009 1637 2138 1718 plus
2171 1636 2444 1698 decennio
2474 1652 2597 1719 post
2633 1640 2726 1698 in·-

838 1753 1019 1814 cidcre
1054 1750 1257 1810 Catulli
1296 1763 1525 1809 mortem
1566 1748 1848 1823 debuisse,
1885 1771 2052 1828 quam
2093 1751 2186 1812 ille
2221 1753 2520 1825 notaverit,
2565 1765 2724 1833 patet.

922 1867 1071 1922 Hinc
1132 1865 1296 1943 igitur
1355 1863 1482 1922 satis
1534 1860 1890 1920 manifestum
1940 1883 2055 1920 esse
2093 1876 2258 1943 puto,
2301 1863 2540 1923 nimium
2575 1877 2627 1923 te
2667 1864 2728 1922 in

840 1975 1178 2037 aestimanda
1238 1975 1568 2055 Hieronymi
1623 1973 1935 2032 auctoritate
1983 1974 2174 2047 fuisse,
2224 1973 2548 2054 faciliusque
2586 1976 2722 2035 mihi

842 2109 1257 2160 concessurum,
1314 2085 1469 2166 quod
1529 2087 1591 2143 in
1641 2085 1886 2144 notanda
1928 2085 2131 2146 Catulli
2171 2101 2340 2147 aetate
2377 2090 2586 2149 factum
2623 2101 2731 2158 est,

846 2215 906 2259 ut
945 2200 1207 2260 erraverit
1245 2198 1372 2269 ille,
1430 2197 1580 2256 idem
1619 2198 1679 2256 in
1721 2197 1922 2256 Lucilii
1963 2199 2126 2258 annis
2165 2199 2549 2281 computandis
2589 2202 2734 2262 acci·-

846 2313 975 2372 dere
1017 2313 1065 2372 ei
1106 2313 1359 2393 potuisse.
1443 2312 1569 2370 Jam
1610 2329 1769 2382 vei-0,
1819 2309 1922 2368 hoc
1963 2309 2147 2369 demto
2185 2311 2612 2391 impedimento,
2651 2333 2736 2372 os·

854 2424 1077 2484 tendam
1096 2469 1113 2498 ,
1172 2421 1309 2501 quid
1372 2423 1435 2482 in
1478 2436 1572 2481 tua
1613 2425 2079 2504 argumentatione
2121 2423 2374 2484 offendat.
2457 2427 2740 2499 Quaerens

850 2541 1027 2610 enim,
1068 2536 1209 2615 quid
1236 2537 1353 2595 fieri
1385 2537 1586 2617 possit,
1631 2549 1691 2595 ut
1723 2537 2049 2617 Hieronymi
2075 2538 2348 2618 integrum
2370 2538 2744 2598 testimonium

852 2663 1121 2724 servetur,
1159 2651 1221 2708 in
1260 2671 1379 2708 eam
1416 2647 1666 2708 incidisti
1697 2647 2266 2708 cuquellnero
2305 2650 2655 2728 opinionem,
2679 2661 2746 2708 ut

851 2777 1093 2842 putei-05,
1158 2762 1331 2841 legem
1371 2761 1673 2833 Liciniam,
1726 2783 1890 2840 quam
1934 2763 1992 2820 P.
2035 2761 2252 2820 Licinio
2293 2763 2485 2821 Crasso
2525 2765 2752 2822 consult·

858 2875 1191 2946 tribueram,
1234 2873 1283 2930 ei
1317 2881 1585 2950 praetori
1626 2871 1902 2932 vindicari
1945 2893 2127 2953 posse3
2169 2895 2311 2951 quae
2328 2887 2608 2954 praetura,
2630 2897 2750 2956 ges—

860 3001 911 3043 ta
956 3007 1003 3042 a.
1046 2983 1169 3046 650
1207 2982 1410 3066 (104),
1452 2984 1734 3064 vulgarem
1777 2984 1978 3044 Lucilii
2019 2987 2208 3045 mortis
2245 2977 2458 3046 annum
2495 2989 2756 3068 proxime

860 3099 1219 3156 antecesserit.
1325 3097 1443 3156 Etsi
1504 3109 1684 3156 antem
1735 3118 1832 3178 ego
1889 3110 2036 3156 tuam
2098 3096 2422 3178 disputandi
2479 3101 2757 3162 rationem

860 3233 975 3270 non
1020 3231 1239 3292 prorsus
1280 3210 1646 3269 intellexerim
1671 3255 1685 3280 ‚
1727 3223 1908 3268 tamen
1940 3210 2182 3290 primum
2214 3209 2384 3290 plane
2421 3233 2494 3270 ex
2523 3211 2762 3272 arbitrio

862 3326 1068 3396 fecisti,
1108 3323 1261 3402 quod
1278 3325 1513 3382 Diu-onii
1549 3323 1891 3381 tribunatum
1912 3322 2123 3401 aliquot
2141 3323 2306 3382 annis
2323 3323 2562 3403 priorem
2583 3322 2762 3383 fuisse

862 3459 1028 3516 quam
1072 3439 1297 3494 Antonii
1351 3449 1403 3493 et
1456 3435 1635 3494 Flacci
1670 3455 1954 3494 censuram
1985 3433 2336 3494 contendisti.
2393 3437 2580 3513 Neque
2601 3437 2768 3496 enim

864 3548 1163 3609 verisimile
1204 3560 1281 3605 est
1299 3591 1316 3620 ,
1374 3567 1622 3606 censores
1659 3548 1876 3624 eiecisse
1913 3569 1944 3605 e
1985 3560 2177 3606 senatu
2221 3569 2346 3608 eum
2365 3592 2383 3622 ,
2422 3569 2586 3627 quem
2625 3561 2771 3608 ante

870 3661 1077 3739 aliquot
1112 3681 1289 3718 annos
1328 3660 1498 3741 legem
1533 3661 1888 3720 sumtum-iam
1909 3662 2218 3739 antiquasse
2234 3674 2529 3736 constaret,
2569 3675 2622 3721 et
2659 3661 2774 3721 Pi·—

867 3776 1029 3855 ghius
1070 3775 1299 3833 Duronii
1344 3773 1687 3832 tribunatum
1720 3774 1781 3831 in
1815 3793 2026 3832 annum
2059 3773 2182 3832 656
2197 3773 2327 3854 (98)
2345 3774 2558 3844 retulit,
2591 3795 2776 3853 quem

854 3891 1075 3946 'annum
1121 3887 1343 3946 illorum
1384 3905 1613 3944 censura
1645 3899 1695 3944 et
1735 3887 1910 3945 Crassi
1949 3887 2264 3946 consulatus
2300 3888 2532 3967 excepit.
2575 3888 2778 3962 Quam

866 4016 1044 4062 autem
1084 4001 1159 4059 ob
1190 4005 1409 4060 causam
1440 4001 1561 4058 sine
1598 4012 1742 4058 certo
1781 4012 2098 4079 argumento
2137 4000 2386 4060 statueris
2405 4042 2424 4074 ,
2477 4012 2780 4060 assecutus

867 4115 1005 4172 mihi
1070 4112 1278 4172 videor.
1362 4113 1531 4185 Nam,
1595 4125 1656 4170 ut
1711 4111 1946 4171 Duronii
1989 4111 2110 4170 illa:
2154 4138 2234 4158 ·--
2275 4112 2396 4172 Lea·
2437 4120 2592 4171 enim
2627 4114 2784 4171 laea

867 4237 952 4283 est
994 4261 1071 4270 —-
1114 4226 1387 4299 valerent,
1440 4239 1685 4305 oportere
1726 4224 1978 4296 videbas,
2044 4224 2216 4303 legem
2259 4227 2530 4286 Liciniam
2569 4245 2790 4286 recens
