3075 5392
1232 605 1271 666 9

309 797 519 871 docuit,
560 821 699 880 quae
738 800 955 862 colonia
986 799 1227 864 deducta
1264 815 1377 863 erat
1410 799 1666 866 nondum
1705 814 1834 866 nato
1865 803 2032 864 Attio.
2076 803 2197 868 Nisi

306 909 455 987 quis,
532 910 861 992 Hieronymi
912 911 1199 972 consulere
1254 913 1433 972 famae
1483 915 1750 995 cupiens,
1823 915 1960 974 Attii
2022 926 2195 972 aetate

306 1040 477 1078 novos
534 1019 755 1080 colonos
813 1018 1105 1094 deductos,
1162 1021 1225 1082 in
1292 1021 1495 1100 quihus
1551 1023 1667 1102 ipse
1727 1023 1920 1093 suerit,
1975 1035 2192 1082 statuat.

305 1133 467 1192 Porro
506 1130 703 1192 diserte
741 1131 973 1192 tradidit
1007 1133 1255 1196 Donatus
1294 1134 1355 1192 in
1394 1134 1509 1196 vita
1551 1133 1806 1215 Virgilii,
1844 1155 1908 1193 eo
1948 1136 2066 1215 ipso
2097 1133 2190 1192 die

304 1264 409 1322 quo
466 1243 559 1304 hic
617 1244 839 1306 virilem
886 1257 1067 1325 togam
1104 1246 1314 1326 accepit
1370 1244 1527 1327 (coss,
1571 1247 1674 1308 Cn.
1717 1247 1974 1327 Pompejo
2012 1258 2066 1304 et
2107 1245 2188 1306 M.

302 1358 516 1417 Licinio
557 1359 747 1418 Crasso
788 1357 877 1418 01.
923 1356 1075 1433 181,
1096 1357 1159 1440 2)
1198 1358 1590 1418 Lucanum
1626 1364 1844 1439 poetam
1883 1356 2187 1420 decessisse.

302 1470 673 1551 Hieronymus
710 1483 893 1532 tamen
932 1470 1099 1550 hujus
1138 1484 1367 1530 mortem
1403 1471 1465 1530 in
1487 1469 1717 1531 01.182
1739 1471 1809 1544 ,1
1847 1469 2060 1535 retulit,
2084 1491 2186 1530 nec

299 1584 417 1646 sine
455 1604 617 1643 causa
647 1605 851 1644 errasse
882 1597 1149 1642 censetur.
1190 1584 1802 1656 Pariter-,Messium
1830 1584 2185 1646 convan-

296 1709 488 1756 natum
547 1717 661 1756 esse
699 1696 787 1756 01.
831 1695 965 1767 180,
986 1697 1025 1756 2
1044 1741 1063 1771 ,
1104 1696 1241 1756 falso
1278 1718 1405 1756 enm
1441 1695 1752 1778 prodidisse
1770 1741 1788 1770 ,
1837 1696 1948 1756 viri
1980 1695 2184 1758 eruditi

292 1808 675 1888 ostenderunt3
738 1810 839 1890 qui
894 1810 1148 1889 quamvis
1200 1831 1318 1870 non
1357 1830 1548 1870 omnes
1585 1809 1958 1882 consentiant,
1999 1822 2184 1872 tamen

292 1923 587 1982 minimum
646 1921 919 1984 decennio
977 1923 1133 2002 prius
1174 1943 1340 2000 quam
1380 1921 1756 2003 Hieronymus
1795 1920 1963 1982 fidem
2004 1923 2182 1982 facere

290 2036 457 2109 velit,
516 2048 712 2095 natum
760 2033 925 2094 illum
962 2055 1077 2094 esse
1114 2035 1473 2095 conveniunt.
1561 2035 1949 2098 Conamen
1986 2041 2180 2108 poetae

290 2169 463 2219 mom,
503 2149 595 2208 Ol.
629 2147 773 2220 184,
794 2147 837 2206 4'
873 2146 1179 2228 adscripta,
1220 2147 1263 2206 si
1302 2147 1586 2207 Donatum
1605 2145 1888 2222 audimus,
1928 2149 2181 2208 inimici-—

288 2264 427 2335 tia3‚
482 2283 621 2341 quas
676 2281 806 2320 cum
862 2260 1097 2340 Virgilio
1136 2258 1361 2333 habuit,
1420 2259 1773 2333 referentem,
1833 2259 2177 2339 aliquamdiu

286 2388 409 2457 post
466 2372 728 2434 accidisse
786 2371 1059 2434 censenda
1119 2384 1214 2434 est.
1310 2373 1672 2433 Hannon
1721 2373 2174 2454 quinquagesimo

282 2487 471 2546 aetatis
500 2507 650 2546 anno
680 2497 955 2546 mortuum
994 2481 1237 2564 prodens
1270 2483 1361 2544 Ol.
1406 2481 1553 2557 192,
1574 2483 1644 2558 2,
1702 2485 1887 2548 minus
1926 2499 2174 2546 accurate
2229 2485 2234 2492 ’

282 2599 501 2673 statuit,
536 2619 701 2678 quem
740 2597 1141 2677 quinquaginta
1182 2608 1389 2678 septem
1428 2617 1605 2658 annos
1645 2610 1839 2658 natum
1883 2596 2172 2658 decessisse

280 2710 369 2770 Ol.
416 2709 619 2784 193,1
666 2722 894 2768 constat.
936 2706 1195 2770 Eundem
1232 2729 1463 2779 errasse,
1525 2710 2004 2772 Fumea-uun
2039 2733 2170 2794 sep-

278 2823 661 2905 magenarium
718 2834 995 2881 mortuum
1046 2841 1161 2884 esse
1193 2820 1281 2881 ol.
1326 2820 1478 2897 199,
1498 2822 1537 2882 3
1578 2821 1905 2896 tradentem,
1957 2824 2170 2889 indicat

276 2935 531 3008 Plinius,
570 2935 669 3014 qui
709 2934 851 3017 Hist.
890 2935 1013 2994 Nat.
1046 2933 1335 3007 XXXIII,
1354 2935 1423 2996 11
1471 2936 1774 2997 novissimo
1793 2937 2006 3000 Tiberii
2027 2941 2168 3000 Cae-

274 3048 411 3108 saris
439 3047 759 3128 principatu
797 3067 923 3106 eum
960 3045 1158 3106 obiisse
1198 3060 1437 3110 testatur.
1480 3083 1561 3099 ..-
1603 3050 1710 3109 His
1739 3052 2008 3133 exemplis
2038 3073 2164 3113 usos

272 3161 471 3242 quanti
526 3180 630 3220 nos
686 3159 865 3220 facere
926 3160 1259 3241 Hieronymi
1310 3163 1686 3226 auctoritatem
1723 3185 1826 3244 par
1863 3164 1936 3223 sit
1953 3209 1970 3240 ,
2010 3165 2166 3230 haud

270 3274 571 3335 obscurum
608 3285 703 3333 est.
784 3274 1061 3332 Praeterea
1099 3271 1467 3352 plurimorum
1510 3273 1606 3336 ille
1645 3275 1974 3356 scriptorum
2011 3291 2163 3342 aeta·

270 3397 387 3448 tem
441 3386 589 3447 solus
642 3383 945 3455 indicavit,
998 3385 1059 3443 in
1116 3383 1323 3463 quibus
1358 3383 1500 3464 quid
1540 3385 1666 3449 falsi
1712 3387 1784 3449 sit
1825 3409 1988 3448 nemo
2026 3411 2162 3472 pro-

268 3497 493 3561 diturus
525 3510 621 3559 est.
662 3502 917 3560 Attamen
948 3499 1109 3576 juvat
1146 3496 1423 3562 nonnulla
1458 3499 1644 3560 aflerre
1686 3498 1912 3564 Eusebii
1931 3505 2156 3568 Amen,

266 3611 361 3673 ed.
400 3612 483 3672 M.
525 3613 593 3672 R.
635 3611 755 3672 loca
773 3655 791 3684 ,
832 3609 1173 3672 discedentia
1211 3610 1469 3692 pluribus
1508 3612 1674 3671 annis
1712 3612 1784 3672 ab
1827 3615 2156 3698 Hieronymi

266 3726 578 3798 notatione,
636 3738 699 3784 ut
736 3723 1008 3783 incertum
1052 3724 1123 3782 sit
1133 3769 1151 3797 ‚
1194 3736 1315 3784 uter
1350 3745 1542 3786 verum
1582 3723 1804 3786 viderit.
1886 3727 2158 3796 Eusebius

262 3837 345 3898 ad
383 3837 471 3898 01.
518 3835 671 3910 170,
701 3835 739 3896 3
783 3837 864 3896 Μ.-
906 3837 1161 3896 Fnuun
1201 3842 1457 3918 poetam,
1495 3849 1856 3918 cognomento
1877 3839 2157 3903 Brucu-

260 3965 421 4020 ιυι,
458 3959 653 4008 natum
689 3967 803 4006 esse
832 3947 1131 4008 Cremonae
1148 3948 1351 4010 retulit.
1393 3949 1652 4011 Eundem
1673 3953 2048 4036 Hieronymus
2065 3956 2153 4019 01.

265 4053 389 4114 169
402 4055 478 4130 ,3
520 4069 715 4118 natum
753 4055 1063 4137 perhibuit3
1108 4058 1207 4137 qui
1251 4058 1318 4117 T.
1360 4060 1688 4122 Lucnnn
1721 4064 1932 4124 natales
1967 4067 2030 4125 in
2064 4067 2152 4136 01.

263 4165 485 4241 171‚2
544 4169 813 4244 referens,
874 4170 1071 4231 iterum
1110 4168 1347 4232 discedit
1384 4172 1456 4232 ab
1500 4174 1767 4252 Eusebio,
1819 4199 1911 4238 eas
1947 4177 2023 4239 ad
2064 4181 2154 4242 01.
2267 4213 2272 4218 ·

265 4279 486 4356 170,3
534 4283 823 4358 teserem&
879 4283 1241 4344 Munna
1304 4285 1660 4350 Communi
1696 4288 1788 4348 hie
1829 4304 2022 4352 natum
2061 4291 2156 4352 dt-

1892 4405 1934 4473 2
