3075 5392
1686 573 1763 632 38

864 779 1130 851 Ancilla,
1175 791 1282 838 aut
1323 803 1498 840 verna
1542 791 1628 842 ent
1655 791 1886 858 praesto
1922 804 2101 859 puer,
2138 790 2391 859 impetus
2421 791 2483 842 iu
2506 807 2671 861 quem

865 891 1149 952 Continuo
1167 897 1299 972 fiat
1315 939 1331 966 ,
1378 897 1549 952 malis
1587 901 1868 973 teutiqine
1904 895 2144 972 rumpi?
2186 929 2267 942 --

782 1005 1130 1066 contenderit
1171 1007 1373 1066 Lucilii
1419 1007 1486 1066 fr.
1530 1005 1587 1067 2.

858 1118 1010 1176 Dia-1·
1026 1163 1044 1192 ,
1085 1121 1162 1178 ad
1191 1127 1554 1198 principium
1592 1127 1753 1179 venio
1766 1163 1783 1190 ,
1832 1121 2088 1183 vetulam
2124 1130 2301 1200 atquo
2340 1129 2589 1181 virosam

867 1231 1112 1293 Uxor-em
1149 1233 1380 1290 caedam
1411 1239 1613 1312 potius
1624 1277 1641 1305 ,
1683 1254 1859 1311 quam
1897 1241 2147 1292 castr-em
2186 1243 2407 1317 egomet
2442 1255 2531 1292 me
2540 1259 2567 1307 ,-

775 1342 876 1402 ubi
912 1341 1136 1402 tandem
1174 1342 1624 1404 animadverterit
1645 1389 1659 1416 ,
1712 1343 1959 1424 ejusdem
1998 1346 2216 1406 Horatii
2256 1347 2453 1407 satirae
2492 1349 2671 1407 versi-

775 1454 883 1516 bus
921 1454 1002 1514 30
1039 1476 1157 1535 sqq.
1181 1459 1442 1533 fornicis
1478 1457 1817 1516 mentionem
1855 1457 1934 1516 sic
1972 1455 2128 1517 fieri:

857 1568 1078 1628 Contra
1117 1571 1272 1628 alius
1312 1571 1541 1628 nullam
1580 1577 1698 1628 nisi
1734 1571 1912 1628 olenti
1946 1577 2011 1628 in
2033 1573 2273 1647 fornice
2312 1581 2583 1631 stantem.

859 1679 1110 1764 Quidam
1151 1691 1324 1740 notus
1359 1683 1518 1740 homo
1558 1703 1737 1760 quum
1776 1689 1966 1740 exiret
1985 1685 2259 1759 fornice,
2300 1693 2487 1743 macte

860 1795 1106 1854 Virtute
1144 1803 1262 1854 esto
1272 1839 1290 1868 ,
1330 1801 1530 1873 inquit
1568 1801 1856 1854 sententia
1892 1795 1991 1853 dia
2034 1793 2268 1855 Catonis
2286 1821 2306 1853 .-

775 1929 892 1968 non
931 1907 1094 1967 facile
1133 1907 1258 1985 quis
1276 1951 1295 1981 ,
1347 1907 1576 1985 inquam
1589 1951 1607 1981 ‚
1659 1928 1725 1966 ea
1766 1905 2093 1983 attendens,
2146 1909 2255 1969 sibi
2296 1911 2478 1970 statim
2518 1924 2666 1970 cete-

773 2021 956 2101 risque
1013 2018 1339 2102 persuadeat
1356 2064 1374 2094 ‚
1434 2021 1567 2080 satis
1624 2019 1763 2079 hinc
1815 2021 2126 2100 argumenti
2182 2021 2307 2102 capi
2348 2041 2505 2102 posse
2525 2067 2542 2096 ‚
2604 2037 2665 2082 ut

771 2131 1192 2208 contendamus,
1231 2141 1329 2192 s'ua
1369 2133 1616 2192 hausisse
1658 2133 1951 2192 Horatium
1990 2154 2061 2194 ex
2092 2134 2295 2193 Lucilii
2337 2136 2569 2194 Fornice
2612 2149 2665 2194 et

771 2245 1002 2304 conflari
1043 2246 1105 2304 in
1147 2247 1443 2326 septimum
1483 2244 1693 2305 librum
1733 2243 1934 2305 debere
1974 2267 2037 2306 ea
2079 2247 2283 2305 Lucilii
2324 2229 2663 2330 fragmenta,

770 2379 913 2438 quae
954 2358 1015 2416 in
1056 2379 1120 2417 eo
1161 2371 1480 2440 argumento
1520 2359 1729 2419 versari
1771 2356 2087 2420 videantur.
2148 2357 2319 2419 Haud
2360 2381 2498 2440 nego
2538 2360 2663 2419 fieri

771 2473 1010 2554 potuisse
1070 2485 1167 2547 ut,
1225 2469 1693 2550 quemadmodum
1736 2473 2001 2531 Horatius
2058 2473 2232 2554 magis
2274 2469 2344 2532 de
2386 2471 2662 2532 industria

769 2585 1014 2668 pericula
1075 2597 1129 2644 et
1190 2582 1544 2645 difficultates
1594 2597 1904 2659 enumeret,
1963 2607 2105 2665 quae
2166 2599 2391 2645 manent
2432 2607 2524 2646 eos
2564 2587 2663 2666 qui

769 2713 1049 2759 matronas
1087 2711 1310 2779 tangere
1351 2697 1561 2769 velint,
1603 2698 1681 2756 sic
1724 2695 1973 2757 Lucilius
2014 2698 2191 2758 fusius
2230 2711 2550 2779 persecutus
2590 2699 2663 2758 sit

770 2813 1054 2894 lupanaris
1095 2811 1292 2871 olentis
1333 2809 1685 2871 incommoda
1726 2824 1780 2870 et
1814 2809 2019 2869 damna
2040 2854 2055 2882 ,
2097 2821 2261 2888 atque
2306 2823 2367 2869 ut
2410 2809 2662 2888 Cupien-

773 2932 942 2984 nium
1001 2923 1322 3003 inscriptam
1385 2923 1703 2982 invenimus
1744 2923 1962 2982 Horatii
2002 2923 2226 2983 satiram
2266 2945 2299 2983 a
2344 2923 2660 3004 Cupiennio

770 3050 1146 3098 matronarmn
1186 3048 1444 3095 sectatore
1461 3079 1482 3108 ,
1536 3035 1612 3094 ita
1655 3035 1878 3094 For-nix
1916 3034 2239 3096 commodus
2280 3035 2449 3096 fuerit
2490 3035 2661 3094 Luci-

769 3151 908 3210 liani
964 3148 1099 3208 libri
1158 3147 1349 3208 titulus
1362 3170 1379 3223 3
1451 3168 1646 3209 verum
1702 3148 1836 3207 huic
1904 3148 2237 3230 suspicioni,
2296 3149 2386 3208 cui
2443 3162 2661 3230 praeter

771 3270 840 3326 τὶ
874 3265 1110 3324 Suum-hv
1151 3259 1298 3320 nihil
1340 3258 1697 3320 fundamenti
1737 3260 1958 3335 subest,
1999 3259 2181 3334 obest,
2222 3258 2374 3338 quod
2413 3261 2659 3341 primum

769 3376 1138 3458 fragmentum
1186 3387 1298 3433 tam
1349 3370 1424 3432 ad
1473 3370 1682 3432 librum
1724 3381 2032 3452 septimum
2069 3393 2236 3453 quam
2273 3372 2350 3433 ad
2391 3383 2657 3434 octavum

765 3490 959 3550 referri
1010 3488 1203 3569 possit,
1258 3483 1515 3565 idemque
1574 3485 1773 3546 titulus
1830 3508 1947 3546 non
2005 3488 2177 3570 magis
2214 3487 2447 3568 septimo
2484 3507 2656 3564 quam

766 3616 961 3665 octavo
997 3614 1052 3661 et
1088 3621 1240 3660 nono
1279 3599 1611 3673 conveniat,
1671 3598 1776 3658 hoc
1815 3599 2026 3680 quippe
2064 3619 2356 3659 commune
2390 3597 2657 3659 habenti·-

764 3715 889 3791 bus,
927 3728 990 3774 ut
1028 3713 1334 3795 fragmenta
1364 3710 1611 3791 ejusdem
1644 3713 1857 3795 generis
1894 3711 2096 3772 similia
2125 3713 2467 3772 contineant.
2508 3714 2656 3789 Qua·

765 3841 990 3910 propter
1026 3825 1172 3886 malo
1208 3824 1502 3886 adhaerere
1542 3825 1792 3884 Arnobio
1802 3869 1820 3898 ,
1854 3838 1907 3883 et
1926 3823 1986 3883 F
1988 3833 2159 3884 orni
2168 3847 2311 3884 cem
2345 3825 2479 3886 libri
2520 3835 2656 3886 nom·

765 3941 990 4001 titulum
1023 3939 1192 3998 fuisse
1228 3939 1576 4012 existimare,
1622 3938 1739 3997 sive
1776 3937 1824 3996 is
1868 3934 1940 3996 ad
1977 3935 2253 4020 lupanar,
2293 3938 2412 3999 sive
2449 3937 2524 3998 ad
2562 3961 2657 3998 ar-

765 4075 891 4113 cum
927 4050 1223 4135 publicum
1260 4051 1609 4132 pertinuerit.
1928 4049 1935 4056 ’

845 4165 951 4224 His
988 4166 1106 4244 jam
1143 4163 1434 4246 expositis,
1478 4163 1771 4246 neminem·
1818 4164 2072 4224 futurum
2121 4163 2394 4238 arbitror,
2427 4165 2525 4244 qui
2566 4147 2653 4226 uie

763 4277 990 4342 modum
1029 4279 1316 4340 excessisse
1369 4279 1429 4338 in
1474 4276 1804 4358 quaerendis
1844 4293 1897 4338 et
1936 4277 2342 4339 constituendis
2383 4279 2650 4340 librorum
