3075 5392
1616 558 1693 617 34

803 763 1062 821 Diaea'nm'
1107 772 1316 838 σεμνῶς
1358 767 1488 826 ἀντ-ἶ
1523 765 1740 842 pedes
1782 767 1965 822 lecti
2008 775 2179 842 alque
2223 767 2608 834 lucernas,

715 876 982 936 libentius
1041 879 1344 937 omittimus
1362 921 1382 952 ,
1423 878 1631 958 quippe
1672 899 1703 936 a
1746 877 2031 936 Macrobio
2072 876 2145 935 ad
2186 878 2456 958 primum,
2498 899 2613 937 non

715 988 787 1048 ad
853 1011 1064 1050 nonum
1126 989 1383 1050 relatum.
1467 988 1626 1049 Nihil
1686 1003 1873 1048 tamen
1930 989 2109 1048 obstat
2129 1033 2144 1060 ,
2206 991 2505 1070 quominus
2552 990 2617 1048 in

720 1101 965 1182 longiore
1007 1103 1152 1162 libro
1191 1102 1445 1182 exempla
1485 1123 1685 1161 vocum
1716 1100 2078 1160 barbararum
2100 1103 2369 1162 exstitisse
2400 1100 2619 1174 credas,

719 1215 934 1272 etiamsi
994 1216 1055 1271 in
1115 1214 1367 1295 pauculis
1423 1233 1485 1273 ea
1546 1214 1869 1295 fragmentis
1924 1228 2227 1274 monstrare
2266 1235 2384 1274 non
2440 1213 2619 1272 liceat.

717 1327 905 1404 Neque
945 1326 1096 1386 enim
1136 1327 1510 1386 immemorem
1551 1345 1665 1385 esse
1704 1347 1807 1406 par
1846 1339 1926 1385 est
1946 1325 2284 1400 Quintiliani
2321 1327 2349 1386 I
2358 1371 2377 1400 ‚
2398 1328 2459 1400 5,
2496 1328 2619 1384 Lu-

721 1436 913 1497 cilium
955 1439 1333 1510 mem01·antiS‚
1376 1439 1476 1517 qui
1518 1438 1779 1497 Vectium
1820 1439 2154 1512 Tuscorum,
2196 1439 2532 1498 Sabinorum
2568 1454 2623 1500 et

721 1551 1195 1610 Praenestinorum
1237 1571 1486 1610 sermone
1526 1563 1769 1610 utentem
1809 1551 2103 1610 insectatus
2143 1552 2229 1610 sit.
2302 1551 2624 1611 Praesertim

727 1682 856 1720 vero
911 1661 1007 1718 hic
1068 1681 1306 1720 memoro
1362 1658 1563 1719 Isidori
1602 1659 1772 1720 verba
1794 1703 1811 1732 ‚
1851 1681 1906 1740 p.
1951 1659 2065 1720 174
2107 1659 2355 1720 laudata:
2400 1684 2430 1715 tt
2452 1661 2625 1720 Fiunt

727 1787 1000 1853 praeterea
1060 1769 1414 1854 (soloecismi)
1473 1793 1545 1831 ex
1602 1771 1861 1851 plurimis
1920 1771 2115 1833 modis·
2200 1774 2341 1832 Nam
2376 1772 2627 1832 Lucilius

729 1899 952 1944 centum
1013 1905 1212 1966 genera
1273 1884 1717 1944 soloecismorum
1778 1883 1957 1957 dixit,
2008 1907 2145 1965 quos
2204 1907 2394 1945 omnes
2450 1887 2627 1948 vitare

731 2000 916 2079 potius
965 2019 1133 2076 quam
1173 1998 1328 2077 sequi
1370 1997 1534 2056 dehet
1553 2043 1571 2072 ,
1629 2000 1727 2076 qui
1768 1998 2013 2080 regulam
2054 2012 2194 2058 recte
2234 1997 2501 2078 loquendi
2544 2011 2628 2058 te·-

733 2131 861 2169 nere
919 2107 1169 2169 studet.»
1255 2112 1432 2187 Atque
1473 2107 1562 2167 his
1606 2109 1725 2187 jam
1766 2107 1986 2168 accedat
2028 2111 2348 2189 Pompeius,
2382 2107 2452 2167 de
2491 2108 2628 2196 bar-

729 2222 967 2280 barismo
1004 2221 1083 2302 (p.
1127 2218 1247 2280 430
1287 2219 1508 2302 Lind.),
1550 2223 1709 2298 cujus
1751 2242 1839 2280 me
1880 2242 2173 2282 memorem
2215 2222 2345 2280 fecit
2387 2223 2452 2282 O.
2471 2221 2624 2282 Jahn

733 2334 970 2415 prolegg.
1014 2331 1086 2390 ad
1111 2333 1354 2392 Persium
1385 2355 1440 2412 p.
1463 2333 1667 2392 XXII:
1714 2335 1959 2393 «Lucius
1999 2348 2181 2394 autem
2222 2333 2368 2394 (lixit
2406 2347 2629 2394 centum

727 2445 1118 2527 (soloecismos)
1159 2459 1210 2502 ct
1254 2457 1536 2503 enumerat
1579 2467 1785 2524 omnes,
1831 2446 2025 2506 Exstat
2064 2446 2209 2506 liber
2250 2448 2451 2527 ipsius,
2492 2446 2633 2507 dicit

735 2556 883 2616 illud
925 2571 976 2614 et
1019 2555 1194 2630 illud,
1240 2576 1368 2614 nam
1411 2557 1486 2614 ait
1525 2556 1631 2614 sic:

844 2671 1012 2730 Adde
1053 2667 1452 2750 soloecismo(n)
1487 2690 1711 2750 genera
1752 2678 1927 2748 atque
1968 2671 2233 2728 vocabula
2273 2681 2505 2729 centum
2519 2715 2536 2744 ,

734 2799 786 2842 ct
849 2785 1019 2842 currit
1072 2781 1368 2863 (percurrit
1408 2779 1605 2859 Lind.)
1644 2781 1763 2860 ipsa
1806 2781 2090 2842 vocabulis
2130 2782 2381 2845 versibus
2416 2783 2633 2865 scriptis

737 2911 845 2955 arte
866 2941 882 2968 ,
941 2909 994 2954 et
1015 2887 1126 2952 *rbi
1169 2894 1516 2954 enumeravit
1558 2893 1657 2953 illa
1696 2895 1897 2952 omnia.
1981 2895 2212 2954 Interim
2252 2895 2352 2954 iste
2390 2894 2635 2955 breviter

741 3008 1028 3069 strinxit.»
1072 3005 1330 3065 Lucius
1359 3005 1452 3064 hic
1469 3005 1657 3064 Jahno
1697 3005 1941 3086 primum
1981 3007 2224 3066 incertus
2258 3013 2417 3088 poeta
2448 3031 2633 3090 gram-

741 3122 970 3182 maticus
1008 3120 1163 3183 visus
1203 3132 1315 3195 est,
1361 3116 1512 3178 idem
1552 3131 1740 3178 tamen
1779 3140 1836 3200 p.
1859 3117 1977 3178 407
1999 3118 2153 3178 haud
2182 3121 2423 3202 amplius
2460 3120 2638 3182 dubi-

745 3236 914 3308 tavit,
946 3235 1106 3314 quin,
1126 3247 1436 3314 comparato
1459 3231 1661 3292 Isidori
1694 3232 1843 3305 loce,
1885 3231 2245 3294 Luciliu‘m
2278 3233 2637 3294 scribendum

746 3370 862 3407 esse
905 3366 1163 3407 censeret.
1229 3347 1420 3428 Magni
1464 3359 1647 3404 autem
1689 3346 1951 3405 momenti
1995 3346 2241 3426 Pompeji
2282 3345 2449 3407 verba
2484 3360 2643 3420 sunt,

749 3462 956 3541 quippe
997 3481 1134 3538 quae
1176 3458 1409 3531 docent,
1460 3473 1723 3536 quantam
1762 3461 2033 3536 jacturam
2075 3459 2397 3532 fecerimus,
2438 3460 2644 3539 quibus

755 3571 898 3630 liber
940 3569 1036 3628 ille
1077 3567 1281 3627 Lucilii
1323 3570 1611 3627 satirarum
1657 3589 1837 3628 nonus
1876 3582 2093 3650 ereptus
2151 3570 2252 3644 sit,
2312 3591 2477 3649 quem
2516 3593 2645 3632 vere

755 3680 1074 3738 thesaurum
1127 3676 1508 3757 grammaticae
1552 3675 1689 3736 disci
1693 3677 1883 3757 plinae
1922 3677 2113 3738 haberi
2162 3701 2265 3760 par
2300 3694 2394 3740 est.
2479 3684 2647 3742 Prae·-

760 3803 902 3847 terea
959 3809 1090 3847 vero
1149 3784 1310 3859 vide,
1348 3808 1514 3865 quam
1556 3787 1654 3846 illa
1713 3787 1869 3868 apud
1926 3789 2265 3850 Arnohium:
2330 3817 2358 3848 «
2378 3794 2509 3872 quia
2542 3816 2647 3854 nu·

759 3921 1030 3961 merosum
1069 3913 1124 3958 et
1181 3898 1512 3958 instructum
1556 3900 2022 3981 compositumque
2061 3925 2367 3964 sermonem
2404 3919 2497 3965 aut
2538 3906 2649 3988 ipsi

761 4036 857 4075 vos
916 4013 1085 4073 nostis
1136 4012 1356 4084 efferre,
1419 4025 1551 4084 aut,
1615 4014 1925 4093 incomptus
1982 4035 2113 4074 cum
2152 4017 2318 4076 fuerit
2336 4060 2354 4090 ,
2414 4017 2647 4078 scire'?>›

761 4129 963 4208 optime
1021 4124 1370 4206 explicentur
1427 4146 1496 4183 ex
1551 4147 1613 4184 eo
1635 4171 1649 4196 ,
1712 4125 1863 4206 quod
1903 4141 2057 4188 vetus
2095 4128 2363 4209 interpres
2402 4128 2477 4190 ad
2515 4131 2650 4191 Hor.

763 4242 872 4317 Sat.
897 4242 972 4320 ⁸I,
1019 4238 1122 4313 10,
1157 4235 1237 4297 50
1277 4237 1484 4299 indicat
1508 4285 1526 4314 ,
1570 4241 1631 4298 in
1675 4261 1823 4298 nono
1859 4239 2173 4306 emendasse
2213 4243 2365 4301 Accii
2406 4243 2651 4302 carmina
