3075 5392
1310 621 1385 681 19

402 844 651 892 mentum
701 827 845 893 illud
892 829 1203 890 cohaeserit.
1297 830 1487 910 Itaque
1545 850 1685 915 quae
1733 828 1804 892 de
1836 829 2052 892 Lucilio
2089 829 2286 912 publi-

400 965 541 1006 cano
580 943 804 1024 scripsi,
842 942 1100 1022 quaeque'
1116 940 1252 1002 inde
1288 941 1429 1002 duxi
1450 954 1511 1003 ut
1541 941 1748 1002 librum
1770 944 2054 1008 satiramm
2075 965 2287 1004 nonum

403 1055 675 1117 illustrare
728 1075 984 1126 conarer,
1036 1052 1289 1112 nondum
1339 1066 1659 1134 argumento
1718 1068 1814 1114 tuo
1869 1055 2130 1128 refutata,
2191 1055 2289 1114 sed

403 1189 477 1227 ne
511 1168 611 1230 vix
642 1165 865 1245 quidem
899 1164 1185 1224 debilitata
1224 1177 1390 1246 puto,
1430 1186 1606 1244 quum
1645 1166 1762 1246 ipse
1803 1187 2052 1226 assensus
2081 1167 2250 1224 fucris
2269 1211 2286 1239 ‚

402 1277 551 1338 nihil
588 1277 773 1338 obesse
812 1298 1057 1358 prorsus,
1098 1277 1397 1355 quominus
1433 1276 1864 1358 publicanorum
1903 1279 2142 1338 societati
2181 1277 2265 1338 ad-

402 1393 622 1452 haerere
662 1390 911 1450 Lucilius
948 1391 1201 1470 potuerit.
1284 1391 1368 1448 De
1394 1397 1681 1467 pistrino,
1720 1389 1872 1468 quod
1911 1390 2127 1449 Lucilio
2157 1411 2292 1470 pro-

403 1504 587 1585 prium
628 1503 820 1575 fuerit,
858 1501 1025 1562 risisti
1039 1525 1057 1578 3
1090 1521 1253 1581 quem
1272 1500 1377 1560 tibi
1396 1501 1597 1574 risum,
1622 1500 1934 1564 valetudini
1951 1502 2292 1583 proficuum,

402 1614 646 1698 gratulor
656 1637 673 1690 3
736 1634 824 1674 res
883 1614 1033 1675 enim
1092 1615 1298 1672 incerta
1339 1632 1451 1670 non
1493 1612 1671 1686 tanti,
1711 1632 1814 1671 nec
1853 1615 2132 1693 persuasio
2171 1633 2291 1672 mea

403 1740 586 1800 tanta,
616 1738 679 1784 ut
710 1725 894 1786 verbis
924 1723 1227 1806 digladier,
1272 1721 1437 1784 modo
1464 1725 1772 1782 consentias
1780 1768 1797 1797 ,
1839 1747 1955 1784 non
1975 1727 2128 1784 omni
2149 1726 2292 1785 fun—

404 1837 663 1898 damento
694 1836 1061 1918 suspicionem
1100 1856 1279 1896 meam
1317 1834 1633 1896 destitutam
1671 1857 1812 1912 esse3
1857 1838 2124 1918 facileque
2153 1839 2291 1899 alios

406 1952 465 2009 in
498 1948 731 2010 eandem
766 1969 978 2009 mecum
1017 1949 1347 2008 sententiam
1385 1963 1776 2029 perventuros,
1816 1949 2038 2028 docebit
2075 1965 2131 2011 te
2167 1952 2291 2016 dis-

404 2063 621 2144 putatio
679 2060 972 2121 Beckeri
1024 2061 1065 2120 l.
1104 2061 1143 2119 l.
1194 2083 1253 2142 p.
1290 2059 1441 2134 249,
1493 2059 1642 2134 250,
1695 2062 1821 2139 qui,
1873 2062 2125 2122 nondum
2167 2065 2287 2125 viso

402 2173 549 2234 libro
580 2192 728 2246 mec,
769 2173 903 2231 mire
944 2173 1004 2230 in
1044 2170 1239 2230 iisdem
1278 2173 1595 2246 concinuit,
1634 2187 1838 2231 temere
1859 2195 1989 2234 vero
2006 2175 2287 2254 pistricem

403 2285 659 2346 validam·
698 2285 963 2362 Collyrae
1000 2288 1425 2360 ὑπσκοριστικῦν
1464 2303 1669 2344 nomen
1701 2285 1958 2346 habuisse
1981 2288 2287 2369 suspicatus

398 2412 511 2471 est,
550 2419 723 2477 quum
760 2397 965 2459 amicae
1002 2396 1206 2455 Lucilii
1244 2397 1457 2476 legatur
1494 2417 1700 2458 nomen
1734 2399 1926 2460 fuisse.

478 2511 636 2585 Quae
672 2508 744 2570 de
780 2508 1035 2570 extremis
1071 2509 1215 2569 vitae
1252 2508 1379 2568 fatis
1418 2507 1570 2584 dixi,
1619 2531 1682 2570 ea
1730 2532 1847 2571 non
1894 2513 2124 2572 omnino
2154 2533 2287 2575 vera

400 2643 513 2682 esse
564 2635 707 2682 recte
759 2643 845 2682 me
884 2621 1177 2695 monuisti,
1218 2639 1389 2700 quum
1421 2621 1537 2698 jam
1578 2621 1788 2680 amicus
1825 2643 1912 2680 me
1950 2625 2287 2698 monuisset,

398 2757 517 2796 non
555 2733 807 2796 sufficere
846 2734 1059 2795 Horatii
1098 2733 1281 2794 locum
1319 2731 1453 2814 (Sat.
1483 2733 1572 2807 II,
1615 2731 1748 2808 1,57
1785 2731 1927 2814 sqq.)
1967 2755 1996 2792 a
2040 2755 2126 2806 me
2157 2747 2287 2794 ten-

312 2861 317 2866 “
399 2860 575 2909 tatum
618 2867 675 2928 p.
714 2845 827 2920 66,
886 2859 948 2906 ut
1000 2845 1279 2906 Lucilium
1317 2846 1379 2904 in
1418 2845 1678 2905 exsilium
1717 2846 1914 2905 abiisse
1955 2867 2287 2910 censeamus.

398 2961 563 3021 Mitto
601 2961 769 3042 igitur
808 2957 959 3039 quod
997 2957 1068 3017 de
1098 2979 1163 3017 eo
1200 2957 1320 3018 loco
1359 2959 1714 3037 conjeceram.
1775 2960 1988 3022 Verum
2016 2958 2086 3019 de
2117 2959 2286 3019 altero

398 3072 615 3132 Horatii
648 3071 765 3130 loco
804 3070 939 3152 (Sat.
979 3070 1037 3128 Π
1050 3113 1065 3140 ,
1091 3069 1145 3142 1,
1164 3068 1243 3130 28
1284 3067 1452 3150 sqq.)‚
1493 3069 1593 3130 ubi
1631 3070 1834 3130 Lucilii
1853 3071 1966 3134 vita
1987 3073 2166 3132 omnis
2183 3093 2286 3132 ve·-

397 3183 481 3243 lut
539 3185 733 3244 votiva
792 3181 982 3242 tabula
1031 3180 1307 3261 descripta
1362 3195 1546 3264 patere
1589 3181 1824 3258 dicitur,
1865 3204 1982 3242 non
2020 3185 2284 3244 assentior

396 3295 505 3355 tibi
540 3295 917 3365 existimanti,
950 3293 1137 3354 verbis
1174 3293 1291 3352 illis
1328 3314 1490 3353 usum
1528 3314 1642 3352 esse
1680 3301 1928 3375 poetam,
1968 3308 2030 3354 ut
2063 3296 2283 3376 signifi.-

395 3421 547 3468 caret
567 3451 583 3478 ,
622 3421 737 3468 tam
764 3407 1049 3489 perspicue
1069 3406 1319 3484 clareque
1338 3426 1494 3466 suam
1513 3405 1791 3466 Lucilium
1809 3406 1982 3466 vitam
2001 3429 2282 3468 enarrasse

388 3522 459 3582 in
496 3519 685 3595 libris,
725 3532 789 3578 nt
816 3518 1039 3578 tabulae
1078 3518 1260 3599 pictae
1298 3518 1475 3578 instar
1511 3516 1812 3581 videretur.
1853 3520 2118 3580 Putidum
2144 3541 2278 3582 sane

396 3647 535 3694 esset
553 3677 571 3705 ,
624 3633 673 3692 si
708 3631 832 3710 quis
862 3631 925 3690 in
958 3631 1155 3709 quovis
1188 3629 1301 3690 alio
1336 3636 1501 3711 poeta
1535 3631 1613 3690 ad
1651 3633 1912 3693 amussim
1951 3633 2139 3692 omnia
2176 3654 2282 3694 ex·-

396 3743 604 3826 plicare
660 3755 899 3802 tentaret
940 3755 995 3801 et
1045 3742 1109 3801 in
1140 3741 1478 3822 imaginibus
1520 3763 1583 3800 ea
1621 3757 1908 3821 quaereret
1933 3765 2074 3823 quae
2105 3765 2282 3822 quae-

394 3858 573 3918 renda
630 3876 749 3916 non
804 3869 963 3913 sunt:
1016 3855 1081 3913 in
1138 3854 1371 3914 Horatio
1402 3875 1535 3915 vero
1573 3855 1686 3914 fere
1727 3855 1844 3914 solo
1879 3877 2035 3914 secus
2071 3855 2280 3916 habere

394 3969 663 4042 arbitror,
706 3987 871 4046 quem
904 3979 1017 4026 tam
1056 3979 1371 4026 accuratum
1408 3966 1474 4024 in
1510 3966 1666 4024 omni
1697 3987 1754 4024 re
1789 3979 1842 4024 et
1863 3965 2196 4046 exponenda
2228 3956 2284 4026 et

397 4101 531 4142 vero
562 4077 893 4142 illustranda
943 4077 1140 4151 hahes,
1180 4091 1245 4147 ut
1280 4097 1409 4138 cum
1448 4078 1764 4160 pulvisculo
1801 4079 2026 4156 quaevis
2077 4079 2286 4140 exhau-

398 4192 500 4252 riri
537 4192 766 4273 possint.
848 4193 1025 4267 Quem
1067 4187 1205 4248 adeo
1246 4190 1476 4249 mirarer
1513 4211 1641 4263 cur,
1702 4190 1750 4248 si
1794 4191 2022 4249 tabulae
2060 4211 2291 4273 compa-

399 4305 541 4370 ratio
580 4305 633 4364 ei
680 4303 1003 4380 suffecisset,
1067 4309 1313 4362 votivam
1372 4301 1666 4362 additurus
1708 4303 1919 4364 fuisset.
2003 4303 2124 4364 Nisi
2161 4304 2288 4382 quis
