3075 5392
1581 537 1600 564 Ι

1574 535 1652 593 40

664 747 736 804 sit
776 745 993 804 Lucilii
1036 763 1269 814 nomen,
1310 741 1638 822 intelligitur
1657 785 1674 810 ,
1739 739 2058 816 librarium,
2099 760 2275 819 quum
2316 738 2448 798 haee
2483 738 2562 796 li»

670 870 907 918 tei-amm
954 831 1283 935 compendia
1334 853 1669 915 invenissett
1727 853 1872 912 dum
1927 874 2117 912 meam
2167 860 2340 910 cauto
2378 851 2560 909 Lala-

660 990 807 1050 gen:
842 1011 857 1026 .
889 1009 903 1026 .
938 1011 951 1026 .
986 1011 998 1024 .
1040 987 1243 1044 empn.
1284 987 1373 1024 no.
1410 987 1457 1024 s.
1496 974 1558 1023 et
1597 965 1694 1023 lib.
1727 1006 1746 1024 .
1781 1007 1796 1023 .
1849 985 1964 1023 nx.
2005 966 2123 1022 doe.
2175 962 2411 1040 Collyra
2451 996 2554 1034 -—‚

662 1084 733 1142 iis
794 1083 874 1142 sic
936 1101 1099 1140 usum
1161 1080 1359 1152 fuisse,
1410 1091 1475 1152 ut
1523 1077 1768 1156 aliquam
1805 1076 2139 1136 sententiam
2175 1074 2430 1134 efficeret.
2475 1073 2546 1132 cf

662 1196 807 1278 disp.
827 1215 949 1254 mea
988 1215 1043 1275 p.
1067 1192 1167 1252 35.
1208 1194 1323 1252 Nec
1358 1192 1682 1270 quisquam,
1711 1189 1908 1263 eredo,
1945 1187 2252 1248 offendetur
2282 1209 2378 1260 eo,
2409 1183 2558 1265 quod

662 1331 789 1368 tum
832 1311 1013 1386 lyrico
1052 1305 1268 1364 Horatii
1306 1305 1554 1364 carmine
1591 1310 1902 1361 satiricum
1941 1301 2144 1361 Lucilii
2183 1313 2556 1382 comparatum

662 1423 760 1481 sit:
806 1419 964 1498 quasi
1004 1439 1141 1480 vero
1178 1415 1458 1478 veteribus
1498 1414 1890 1496 interpretibus
1921 1414 2106 1474 minor
2133 1433 2298 1492 quam
2339 1412 2539 1493 pictori

662 1534 769 1593 bus
818 1546 985 1612 atque
1022 1531 1201 1614 poetis
1240 1528 1516 1609 quidlibet
1557 1525 1805 1588 audendi
1847 1541 2081 1609 potestas
2124 1527 2309 1586 fuerit.
2393 1529 2561 1586 Recte

661 1656 845 1706 autem
864 1656 928 1702 tu
946 1639 1422 1714 animadvertisti,
1464 1640 1714 1699 Amobio
1729 1685 1746 1713 ‚
1775 1641 1870 1719 qui
1893 1641 2183 1699 Forniecm
2205 1639 2561 1699 Lucilianum

660 1755 811 1816 solus
862 1753 1189 1814 memoravit
1202 1797 1218 1824 ‚
1273 1752 1624 1812 Lactantium
1673 1764 1728 1810 et
1767 1751 2206 1833 porphyrionem
2227 1795 2243 1822 ‚
2285 1753 2384 1831 qui
2423 1751 2560 1811 reli-

658 1889 797 1948 quos
830 1865 945 1926 (luo
983 1864 1380 1948 prod-iderunt,
1418 1877 1596 1924 aetate
1635 1864 1803 1924 fuisse
1837 1865 2120 1941 juniore83
2165 1865 2354 1922 minus
2394 1877 2558 1937 reete,

660 2001 851 2040 omnes
888 1978 1083 2038 titulos
1124 1999 1157 2036 a
1197 1977 1568 2058 grammaticis
1616 1997 1729 2036 esse
1767 1977 2068 2058 profectos,
2111 1997 2289 2055 neque
2327 1974 2402 2035 ab
2439 1977 2558 2058 ipso

663 2091 879 2152 Lucilio
918 2090 1188 2170 originem
1228 2088 1435 2149 habere
1473 2089 1734 2169 potuisse.
1817 2087 1971 2162 Quid
2008 2089 2160 2147 enim
2199 2088 2385 2162 obest,
2424 2108 2559 2167 quo·

662 2204 849 2263 minus
888 2203 967 2260 sie
1007 2201 1344 2260 statuamus?
1389 2201 1638 2281 Negasti,
1677 2202 1806 2259 satis
1825 2215 1980 2282 aptos
1999 2201 2192 2261 titulos
2221 2201 2326 2260 tibi
2347 2200 2559 2274 videri,

662 2313 869 2394 quibus
896 2313 1065 2372 binae
1098 2312 1343 2393 ingentis
1375 2313 1556 2393 operis
1596 2325 1778 2393 partes
1803 2311 2254 2394 designarentur,
2295 2335 2423 2373 cum
2450 2314 2560 2372 ini·

662 2428 741 2486 tio
782 2439 1001 2487 tantum
1042 2425 1222 2505 operis
1264 2425 1507 2483 Deorum
1563 2425 1864 2483 concilium
1903 2423 2240 2506 descriptum
2279 2447 2393 2485 esse
2429 2447 2560 2484 eon·

662 2552 783 2611 stet,
825 2559 925 2596 nec
968 2535 1267 2597 verisimile
1310 2537 1397 2608 sit,
1435 2536 1497 2594 iu
1537 2536 1791 2596 canenda
1833 2537 2055 2618 Collyra
2093 2537 2302 2596 diutins
2339 2544 2558 2618 poetam

660 2665 993 2732 occupatum
1035 2651 1219 2709 fuisse.
1264 2652 1337 2708 At
1367 2647 1562 2708 eadem
1595 2648 1898 2710 difficultas
1937 2651 2042 2710 erit
2081 2653 2139 2708 in
2173 2649 2558 2710 existimandis

661 2778 965 2826 ceterorum
1024 2762 1298 2822 librorum
1350 2759 1560 2837 titulis,
1601 2783 1838 2841 quoium
1878 2763 2223 2844 singulorum
2261 2783 2559 2844 argumen-

660 2889 781 2936 tum
842 2897 959 2935 non
1020 2873 1257 2954 simplex
1318 2872 1418 2932 sed
1478 2875 1698 2935 varium
1747 2875 1916 2934 fuisse
1957 2875 2016 2934 in
2061 2873 2448 2954 disquisitione
2487 2873 2562 2934 de

659 2988 996 3070 sni-gumentis
1053 2985 1249 3060 docui3
1310 3007 1453 3064 quae
1508 2987 1744 3046 varietas
1792 3001 1998 3066 quantu
2039 3009 2152 3048 esse
2191 2987 2446 3048 debuerit
2485 2989 2551 3048 in

662 3099 957 3162 Luciliano
997 3120 1179 3180 opere,
1218 3120 1283 3158 eo
1322 3098 1520 3158 melius
1561 3100 1952 3180 intelligemus,
1991 3123 2102 3180 quo
2141 3101 2408 3162 mobilius
2443 3103 2562 3180 ejus

662 3215 951 3296 ingenium
994 3213 1164 3272 fuisse
1181 3256 1201 3286 ,
1240 3233 1459 3292 quoque
1520 3213 1708 3272 minus
1757 3234 1924 3272 curae
1963 3214 2025 3272 in
2064 3212 2360 3273 scribendo
2401 3226 2561 3292 atque

662 3322 1000 3388 elaborando
1040 3324 1288 3404 posuisse
1328 3345 1457 3384 eum
1495 3325 1928 3404 cognoverimus.
1989 3323 2202 3397 Quodsi
2242 3327 2416 3407 igitur
2451 3327 2564 3386 mi·-

662 3438 895 3499 noribus
933 3434 1184 3518 partibus
1226 3435 1375 3495 tituli
1417 3456 1532 3494 non
1575 3437 1900 3496 convenisse
1939 3437 2094 3496 omni
2135 3459 2207 3496 ex
2246 3451 2402 3518 parte
2435 3459 2565 3498 cen-

663 3550 827 3614 sendi
870 3561 1030 3624 sunt,
1070 3569 1235 3608 causa
1276 3569 1393 3607 non
1432 3561 1546 3619 est,
1587 3569 1690 3608 cur
1723 3547 1796 3608 ab
1830 3549 2111 3628 utriusque
2139 3548 2312 3630 partis
2331 3547 2566 3609 exordio

664 3665 1051 3725 universarum
1109 3661 1351 3742 partium
1408 3661 1600 3721 titulos
1659 3661 1860 3744 eligere
1917 3669 2111 3744 poetae
2161 3683 2278 3722 non
2328 3661 2564 3722 licuerit.

664 3776 779 3836 Nec
830 3777 1043 3836 minore
1098 3774 1223 3854 quis
1255 3775 1381 3852 jure
1421 3775 1756 3856 suspicetur,
1799 3775 2091 3836 Fornicem
2129 3798 2162 3835 a
2197 3776 2566 3858 grammaticis

662 3901 845 3972 postea
886 3886 1034 3948 libro
1074 3909 1219 3946 nono
1258 3887 1485 3990 tit-ulum
1525 3885 1720 3948 datum
1759 3888 1958 3963 fuisse,
1997 3902 2062 3948 ut
2091 3896 2288 3968 primo
2317 3902 2370 3948 et
2409 3897 2566 3948 sexto

664 4005 876 4064 decimo
930 4021 1053 4072 eos,
1114 4001 1215 4078 qui
1260 3999 1463 4060 horum
1494 3999 1768 4064 librorum
1809 4000 2032 4083 propria
2085 4013 2408 4083 argumenta
2460 3999 2566 4060 de-

666 4114 947 4195 signarent
964 4157 983 4187 ,
1023 4113 1417 4194 praefixerunt.

746 4221 963 4282 Accede
1022 4220 1097 4284 ad
1136 4225 1497 4302 epistolarem
1558 4221 1830 4283 librorum
1892 4224 2126 4282 formam
2138 4267 2156 4298 ,
2206 4243 2372 4302 quam
2415 4235 2472 4280 tu
2513 4233 2570 4278 et
