3075 5392
1354 548 1426 606 51

450 757 785 818 existimanti
802 801 820 829 ,
870 758 939 830 Q.
992 754 1153 816 Fabii
1190 756 1426 815 Maximi
1464 754 1750 816 historiam
1789 779 1822 816 a
1864 764 2024 839 poeta
2063 773 2340 820 narratam

450 891 559 930 esse
571 914 587 942 ‚
634 868 885 947 maloque
921 868 1215 948 suspicari,
1256 868 1303 926 si
1336 867 1612 926 Merulam
1649 869 1842 949 opinio
1871 891 1987 929 non
2016 873 2248 932 omnino
2265 873 2341 932 fe·

450 981 683 1053 fellerit,
722 979 1001 1040 Lucilium
1036 980 1326 1040 Ennianos
1358 1000 1579 1052 versus,
1618 981 1820 1059 quibus
1851 1003 1937 1041 res
1955 982 2083 1042 illae
2101 1004 2340 1066 expone·

449 1091 680 1166 bantur,
720 1090 903 1172 lepide
934 1112 1083 1152 more
1122 1111 1223 1150 suo
1260 1092 1507 1152 irrisisse.
1591 1091 1748 1152 Idem
1783 1092 1899 1155 dici
1935 1094 2007 1154 de
2043 1095 2342 1156 Annibalis

448 1204 729 1264 mentione
763 1178 971 1284 posset,
1013 1203 1124 1264 nisi
1153 1202 1443 1283 probabile
1461 1217 1618 1279 esset,
1635 1211 1852 1286 poetam
1871 1207 1934 1266 in
1953 1206 2342 1270 adumbrantia

442 1316 656 1394 justitia
696 1329 748 1375 et
785 1317 1093 1384 constantia
1132 1316 1409 1396 Scipionis
1447 1315 1615 1376 aliud'
1644 1332 1894 1398 agentem
1933 1321 2100 1380 etiam
2134 1320 2200 1379 in
2227 1323 2342 1382 An-

448 1427 691 1489 nibalem
749 1427 930 1490 videri
989 1427 1251 1490 incidisse
1264 1471 1281 1503 ‚
1334 1429 1651 1509 praesertim
1689 1430 1736 1488 si
1773 1428 2158 1512 comparandis
2197 1435 2342 1492 utri-

448 1563 618 1621 usque
674 1541 925 1602 moribus
960 1554 1011 1600 et
1052 1539 1241 1600 indole
1281 1539 1556 1601 illustrare
1593 1541 1868 1622 Scipionis
1905 1543 2194 1625 ingenium
2230 1544 2340 1604 sibi

446 1655 807 1734 proposuerit.

525 1766 693 1842 Quod
746 1767 806 1826 in
857 1768 1129 1849 proximis
1184 1775 1406 1828 satirae
1442 1768 1714 1848 originem
1751 1780 1804 1828 et
1843 1769 2032 1830 tenuia
2067 1767 2339 1848 quaedam

446 1880 713 1939 elementa
759 1878 1004 1959 detegere
1055 1893 1109 1937 et
1148 1880 1213 1937 in
1252 1879 1432 1938 lucem
1468 1881 1714 1960 proferre
1753 1895 1981 1942 conatus
2019 1903 2144 1942 sum
2161 1927 2179 1956 ,
2237 1884 2343 1942 hu-

440 1996 535 2072 jus
590 2015 676 2053 me
732 1993 967 2052 instituti
1028 1989 1283 2052 nondum
1341 1993 1490 2072 piget
1542 2013 1646 2052 nec
1701 1992 1894 2073 pudet.
1976 1994 2133 2054 Nihil
2189 1996 2342 2054 enim

446 2105 779 2184 quidquam,
840 2104 1199 2184 quantumvis
1246 2103 1393 2162 exile
1411 2146 1430 2176 ,
1490 2101 1782 2164 sordidum
1829 2117 1926 2164 aut
1969 2105 2170 2167 inutile
2199 2107 2340 2166 mihi

444 2216 669 2278 videtur
722 2239 907 2277 rerum
962 2217 1213 2298 gravium
1267 2236 1455 2275 causas
1512 2216 1903 2297 repetentibus.
1985 2217 2096 2278 Eas
2154 2231 2338 2279 autem

444 2350 561 2389 non
620 2330 846 2410 ingenio
892 2329 1035 2388 finxi
1044 2372 1064 2403 ,
1106 2327 1205 2388 sed
1240 2327 1395 2410 apud
1432 2341 1645 2390 veteres
1683 2330 1971 2410 scriptores
2008 2331 2339 2412 investigavi

442 2463 506 2502 ac
554 2440 771 2521 judicio
812 2461 1120 2523 perpensas
1179 2440 1429 2500 exhibui.
1531 2441 1746 2516 Quodsi
1799 2442 2009 2502 Naevia·
2062 2444 2128 2502 in
2175 2446 2339 2506 satira

444 2557 691 2616 Romana
728 2554 1047 2636 exemplum
1088 2575 1204 2613 non
1240 2555 1491 2634 agnoscis
1506 2598 1524 2628 ‚
1586 2566 1682 2613 tuo
1732 2555 1912 2613 Marte
1947 2555 2114 2630 facis,
2175 2556 2246 2614 in‘
2277 2577 2338 2616 re

441 2669 826 2728 obscurissima
868 2668 1185 2727 auctoritate
1224 2689 1288 2727 ac
1328 2668 1416 2742 vi,
1459 2689 1576 2726 non
1613 2669 1964 2749 persuasione
2011 2689 2159 2728 usus.
2242 2669 2336 2727 In-

442 2780 697 2842 auditum
730 2802 861 2842 vero
896 2793 1003 2856 est,
1054 2778 1207 2859 quod
1246 2779 1485 2840 Graecae
1514 2781 2042 2862 phlyaeographiae
2080 2779 2336 2840 imitatio-

440 2915 569 2954 nem
590 2938 606 2965 ,
666 2915 700 2952 a
736 2895 822 2954 Jo.
862 2891 1025 2973 Lydo
1062 2891 1364 2952 indicatam
1380 2935 1399 2967 ‚
1463 2913 1495 2951 a
1533 2905 1586 2950 te
1625 2914 1756 2954 vero
1793 2893 1860 2952 in
1896 2892 2105 2953 fabulis
2143 2913 2337 2953 nume-

440 3020 611 3064 ratam
631 3049 651 3080 ,
689 3018 973 3086 propterea
1010 3005 1369 3086 excogitatam
1401 3027 1433 3064 a
1472 2979 1764 3065 nonnullis
1801 3019 1994 3086 putaS‚
2035 3005 2187 3085 quod
2225 3006 2339 3066 he-

440 3119 736 3178 xametri
778 3116 1097 3198 exemplum
1129 3117 1191 3176 in
1228 3139 1297 3175 re
1324 3123 1537 3176 cantica
1576 3118 1785 3178 frustra
1817 3131 2156 3196 quaererent.
2208 3120 2336 3179 Non

438 3229 656 3292 inficias
692 3230 818 3302 ibo,
858 3229 1058 3290 multas
1096 3229 1463 3311 grammaticis
1502 3251 1679 3311 nugas
1715 3229 1936 3306 deberi3
1981 3251 2206 3306 verum,
2235 3233 2334 3310 qui

438 3357 661 3425 propter
698 3363 875 3404 unum
912 3342 995 3402 he
1008 3343 1156 3402 roie
1170 3363 1276 3402 um
1304 3361 1598 3402 numerum
1620 3342 2002 3404 Rhinthonem
2024 3356 2334 3422 ceterosque

437 3468 726 3516 arcesseret
780 3468 833 3514 et
890 3453 1093 3514 Lucilii
1148 3453 1319 3514 duces
1373 3455 1545 3516 fuisse
1591 3453 1903 3536 perhiberet
1915 3499 1934 3527 ,
1974 3454 2128 3514 haud
2167 3455 2332 3514 facile

438 3569 729 3647 quisquam
766 3567 1046 3627 exstiterit.
1128 3565 1393 3640 Accedit,
1450 3565 1606 3645 quod
1655 3568 2084 3627 Tarentinorum
2099 3609 2120 3642 ,
2181 3567 2334 3626 Con-

439 3681 783 3740 sentinorum
819 3699 885 3738 ae
924 3678 1237 3738 Siculorum
1274 3678 1481 3740 mentio
1489 3723 1509 3754 ,
1571 3678 1776 3756 quibus
1811 3678 2060 3738 Lucilius
2099 3700 2156 3738 se
2193 3680 2336 3739 scri-

437 3792 567 3851 bere
607 3792 813 3851 fassum
850 3812 961 3850 esse
999 3813 1057 3871 p.
1095 3788 1215 3850 303
1257 3789 1418 3862 dixi,
1471 3789 1622 3872 Lydi
1659 3791 1987 3850 sententiam
2025 3792 2333 3854 confirmat.

437 3904 741 3965 Levissima
798 3924 929 3963 sane
976 3915 1072 3963 tua
1108 3903 1247 3962 ratio
1287 3902 1467 3964 cuivis
1504 3901 1818 3978 videbitur,
1871 3903 2202 3963 Tarentinos
2239 3925 2335 3964 ce-

436 4028 687 4094 terosque
723 4015 949 4074 lectores
986 4013 1221 4074 eruditis
1258 4034 1322 4073 ac
1360 4013 1505 4073 bene
1543 4015 1729 4094 gnaris
1758 4015 2106 4094 opponentis.
2189 4017 2332 4076 Nam

436 4148 636 4206 quaero
652 4171 670 4202 ‚
732 4125 933 4205 quidni
972 4127 1280 4215 Campanos
1318 4147 1443 4186 suos
1461 4171 1479 4200 ‚
1530 4125 1748 4206 ipsosve
1795 4126 2022 4186 Latinos
2059 4148 2331 4188 memora-
