3075 5392
1355 621 1424 689 13

438 847 621 894 autem
655 834 898 915 potuisse
943 845 1003 892 ut
1043 853 1144 896 uec
1199 831 1418 894 Gellius
1459 853 1561 892 uec
1602 831 1921 896 Macrobius
1962 831 2117 893 illam
2154 831 2328 915 legem

439 943 868 1004 memoraverim
879 986 897 1015 ,
937 963 1050 1021 quo
1088 942 1212 1002 loco
1247 941 1492 1024 singulas
1531 940 1809 1024 deinceps
1831 942 1967 1003 latas
2002 943 2332 1002 sumtuarias

441 1055 572 1116 data
611 1055 775 1136 operi
815 1032 1216 1135 exposuerunt,
1255 1052 1456 1114 docent
1486 1055 1713 1115 omissae
1751 1076 1783 1114 a
1822 1054 2006 1115 Gellio
2042 1055 2245 1115 Orchia
2282 1067 2336 1114 et

443 1167 614 1228 Didia
665 1166 748 1250 (H
761 1211 781 1240 ,
819 1163 940 1248 24).
1023 1167 1194 1242 Nam,
1255 1181 1551 1226 memorato
1587 1167 1729 1226 SCto
1741 1211 1759 1241 ‚
1817 1168 2094 1228 Fanniam
2142 1166 2337 1227 laudat

445 1276 754 1336 imm-missa
793 1275 996 1336 Orchia
1017 1319 1036 1351 ,
1092 1289 1150 1335 et
1205 1277 1252 1336 F
1251 1276 1424 1335 annia
1461 1275 1687 1336 laudata
1704 1319 1722 1351 ,
1782 1279 1875 1336 lea·
1928 1279 2129 1336 deinde
2148 1321 2163 1349 ,
2226 1279 2300 1337 ait
2320 1322 2339 1352 ,

445 1369 682 1448 Licinia
737 1398 946 1468 rogata
1002 1397 1089 1447 ece
1109 1433 1124 1460 ,
1183 1409 1358 1468 quum
1413 1389 1563 1449 inter
1622 1401 1911 1468 utramque
1972 1389 2339 1450 intercessisse

445 1499 674 1563 Didiam
714 1501 1070 1561 manifestum
1107 1501 1180 1560 sit
1217 1521 1247 1560 e
1287 1500 1607 1560 Macrobio:
1666 1501 1961 1560 Fanniam
1996 1503 2179 1584 legem
2208 1511 2343 1580 pose

447 1636 628 1674 annos
679 1615 868 1672 decem
919 1623 978 1672 et
1029 1623 1152 1673 octo
1191 1615 1282 1672 lea·
1329 1611 1508 1672 Didia
1547 1623 1848 1674 consecuta
1888 1623 1990 1674 oet.
2072 1615 2345 1689 Quamvis

443 1724 544 1788 hic
585 1725 734 1784 nihil
773 1724 999 1806 probari
1038 1725 1210 1806 possit
1224 1769 1242 1799 ‚
1300 1737 1484 1785 tamen
1533 1725 1639 1785 hoc
1680 1747 1847 1805 quam
1887 1724 2036 1788 illud
2074 1725 2346 1807 probabi-

448 1836 560 1896 lius
601 1859 716 1896 esse
757 1837 918 1896 fateri
979 1857 1198 1896 necesse
1237 1849 1336 1896 est.
1417 1837 1667 1916 Namque
1706 1838 1805 1896 etsi
1846 1837 2001 1897 haud
2038 1837 2344 1900 absurdum

451 1962 590 2010 esset
628 1948 967 2024 existimare,
1018 1949 1337 2010 Duronium
1385 1949 1450 2008 in
1499 1969 1621 2008 eam
1662 1948 1837 2031 legem
1854 1993 1873 2024 ,
1922 1970 2063 2030 quae
2103 1963 2348 2032 tempore

455 2062 772 2124 exolescens
830 2082 1121 2122 censorum
1181 2062 1502 2122 auctoritate
1554 2061 1739 2121 subito
1788 2063 1906 2124 vim
1943 2076 2311 2143 recuperasset
2328 2107 2347 2138 ‚

459 2185 726 2253 tanquam
766 2173 828 2232 in
870 2193 1078 2233 novam
1119 2173 1404 2233 invectum
1443 2193 1559 2232 esse
1598 2173 1687 2232 his
1728 2172 1943 2235 verbis:
1984 2173 2168 2232 Freni
2206 2183 2349 2232 eunt

457 2293 664 2364 injecti
699 2287 878 2359 vohis,
923 2285 1185 2368 Quirites
1206 2329 1222 2356 ,
1281 2286 1442 2344 nullo
1481 2287 1641 2344 modo
1671 2287 2035 2364 perpetiendi
2054 2319 2134 2334 --
2166 2331 2181 2346 .
2223 2286 2349 2346 Lea·

458 2407 613 2458 mim
655 2401 783 2458 lata
821 2407 934 2469 eet,
997 2419 1142 2476 quae
1200 2419 1296 2458 voa
1354 2419 1470 2456 cue
1496 2401 1690 2480 frugi
1711 2399 1888 2477 jubet
1924 2431 2009 2444 ·—-
2046 2399 2223 2459 multo
2262 2411 2351 2459 ta-

461 2533 592 2571 men
635 2512 856 2593 gravior
893 2512 1012 2589 ejus
1051 2511 1228 2571 oratio
1251 2511 1356 2570 erit
1367 2553 1386 2584 ,
1425 2509 1474 2570 si
1515 2529 1702 2592 reapse
1742 2511 1917 2591 legem
1956 2530 2145 2570 recens
2183 2510 2353 2571 latam

461 2627 528 2684 ea
567 2626 895 2706 exagitatam
956 2636 1232 2705 putamus,
1311 2623 1385 2681 In
1425 2643 1593 2702 quam
1650 2624 1975 2682 sententiam
2016 2621 2355 2683 discedenti-

463 2736 572 2798 hus
612 2739 883 2816 conjicere
925 2735 1079 2796 haud
1119 2734 1466 2818 displicebit,
1495 2733 1768 2813 ejusmodi
1808 2735 1989 2816 capita
2028 2736 2216 2816 ignota
2255 2737 2357 2796 illa

463 2847 586 2930 lege
643 2850 854 2909 sancita
915 2849 1088 2908 fuisse
1107 2891 1124 2920 ,
1183 2867 1326 2928 quac
1365 2847 1588 2929 plebem
1626 2849 1969 2929 potissimum
2011 2863 2322 2930 premerent
2339 2894 2358 2925 ,

467 2983 608 3042 quae
643 2961 935 3022 tribunum
955 2973 1238 3022 moverent
1257 2975 1318 3020 ut
1337 2960 1625 3042 abrogaret
1646 2980 1766 3019 eam
1778 3006 1796 3036 ‚
1840 2981 2183 3040 quorumque
2204 2960 2361 3020 abro-

467 3076 612 3155 gatio
653 3087 874 3133 tantum
913 3071 1160 3134 studium
1201 3072 1559 3155 optimatibus
1616 3070 1877 3131 ferendae
1935 3072 2181 3131 Liciniae
2220 3071 2363 3150 inji-

469 3200 612 3248 ceret
625 3230 643 3261 ,
702 3187 996 3268 aegerrime
1035 3187 1242 3268 quippe
1283 3184 1616 3258 ferentibus,
1654 3183 1858 3244 Orchia
1889 3194 1941 3242 et
1972 3182 2192 3242 Fannia
2222 3181 2363 3242 obli·

471 3300 660 3360 tei-atis
669 3344 686 3374 ,
707 3298 895 3373 Didia,
915 3320 1164 3378 quaeque
1181 3299 1312 3357 huic
1331 3317 1551 3376 quoquo
1570 3296 1797 3355 nomine
1816 3307 2167 3369 successerat,
2206 3293 2365 3354 abro-

473 3411 615 3493 gatis
629 3456 644 3483 ,
687 3409 899 3470 sumtus
940 3409 1136 3491 populi
1177 3431 1293 3469 non
1333 3408 1574 3490 amplius
1613 3408 1877 3468 cohiberi.

556 3525 708 3584 Haec
769 3522 842 3582 de
901 3521 1136 3580 Licinia
1176 3521 1292 3601 lege
1333 3534 1488 3580 extra
1526 3521 1669 3580 fines
1708 3519 2175 3604 Hieronymianos
2209 3521 2274 3581 iu
2312 3543 2369 3580 a.

475 3635 597 3698 657
639 3635 768 3718 (97)
807 3633 1114 3695 referenda.
1153 3634 1238 3692 De
1281 3632 1608 3712 Calpurnia
1648 3645 1831 3692 autem
1870 3653 2048 3712 neque
2079 3631 2233 3712 quod
2270 3632 2368 3693 ad·

477 3747 610 3808 dam
649 3747 828 3807 habeo
845 3790 866 3821 ‚
925 3767 1108 3825 neque
1145 3744 1296 3824 quod
1335 3743 1669 3820 defendam,
1709 3744 1821 3804 nisi
1852 3745 2039 3804 minus
2076 3759 2218 3806 recte
2256 3745 2366 3806 tibi

479 3861 665 3922 visum
725 3879 840 3918 esse
901 3856 1185 3916 Lucilium
1244 3855 1555 3937 significare
1611 3857 1737 3916 eam'
1780 3856 2019 3917 voluisse
2036 3901 2054 3931 ‚
2093 3879 2261 3936 quam
2300 3861 2369 3918 de

475 3977 740 4050 pecuniis
776 3969 1116 4046 repetundi·
1154 3968 1218 4027 L.
1259 3966 1605 4048 Calpurnius
1642 3968 1767 4027 Piso
1792 3969 2025 4049 primam
2042 3968 2189 4040 tulit,
2210 3977 2367 4048 quae,

479 4083 754 4144 sociorum
791 4081 958 4141 causa
995 4081 1318 4151 constituta,
1359 4080 1687 4160 aequissima
1721 4081 1845 4138 fuit.
1929 4081 2014 4140 De
2050 4101 2159 4160 qua
2196 4081 2374 4161 quid-

479 4194 620 4279 quid
649 4208 896 4259 veterum
935 4193 1262 4256 testimoniis
1289 4193 1629 4273 accepimus,
1664 4214 1697 4250 a
1733 4192 2018 4254 severitate
2054 4206 2110 4252 et
2142 4194 2372 4257 saevitia

467 4329 646 4388 ‘quam
685 4306 848 4390 longe
884 4305 1100 4378 absint,
1141 4305 1364 4391 aequior
1399 4301 1633 4385 quisque
1664 4303 1843 4385 judex
1870 4303 2089 4369 *idebit
2100 4351 2118 4383 ,
2158 4307 2371 4370 collatis
