3075 5392
1706 569 1783 627 44

813 777 958 838 ditos
975 779 1188 838 criticos
1209 778 1464 852 irrisisse5
1507 798 1686 856 neque
1709 779 1859 836 enim
1886 779 2007 843 fieri
2043 781 2279 858 potuisse
2310 782 2421 853 ais,
2464 794 2555 853 ut,
2592 782 2687 858 qui

815 892 1077 952 Enniana
1131 891 1375 954 carmina
1431 891 1743 972 carpsisset,
1815 891 2064 952 Ennium
2114 893 2313 952 eximie
2368 891 2689 954 laudaturus

813 1006 1019 1066 fuisset.
1095 1005 1360 1064 Exemisti
1397 1004 1566 1086 igitur
1602 1004 1915 1064 criticorum
1950 1026 2179 1064 numero
2218 1005 2495 1065 Lucilium
2510 1051 2527 1078 ‚
2568 1007 2689 1084 qui<

814 1118 925 1178 bus
959 1139 1087 1178 eum
1105 1117 1377 1179 accenseri
1395 1115 1466 1176 ab
1487 1117 1716 1176 Horatio
1744 1138 1802 1198 p.
1826 1117 1935 1176 181
1972 1117 2289 1194 docum-am
2336 1120 2542 1200 quippe
2580 1120 2692 1178 cri-

815 1235 984 1294 ticum
1015 1231 1127 1292 dici
1157 1253 1273 1291 non
1292 1229 1565 1304 debuisse,
1594 1231 1693 1310 qui
1726 1233 2021 1304 medioqm's
2040 1232 2333 1290 doetrinae
2363 1233 2454 1293 vir
2482 1232 2687 1292 fuisset.

819 1348 1026 1408 Verum
1047 1345 1256 1406 obstare
1275 1367 1390 1405 non
1407 1343 1597 1419 vidisti
1614 1389 1634 1420 ,
1654 1344 1987 1426 significasse
2008 1345 2429 1426 Hieronymum,
2448 1342 2690 1402 candide

814 1474 977 1540 atque
1023 1460 1084 1518 in
1143 1471 1382 1540 apertam
1430 1458 1604 1522 Ennii
1660 1455 1877 1516 laudem
1918 1455 2197 1516 Lucilium
2254 1457 2685 1537 appellationem

815 1573 970 1633 illam
990 1592 1273 1652 usurpasse
1289 1571 1639 1652 argutiusque
1680 1583 1733 1630 te
1774 1570 1961 1628 fecisse
1975 1613 1995 1644 ,
2032 1570 2129 1648 qui
2170 1569 2447 1634 Lucilium
2482 1571 2683 1630 iccirco

815 1699 1170 1746 memoratum
1207 1705 1318 1744 esse
1357 1683 1430 1742 ab
1453 1685 1793 1764 Hieronymo
1813 1683 2089 1763 putaveris
2102 1727 2119 1754 ,
2158 1681 2309 1761 quod
2348 1684 2466 1760 ejus
2480 1727 2497 1756 ,
2532 1689 2691 1762 cujus

815 1812 1154 1881 superessent
1193 1798 1436 1858 carmina
1453 1841 1470 1871 ,
1510 1798 1753 1878 primum
1810 1796 1861 1853 ei
1920 1795 1983 1854 iu
2034 1809 2271 1854 mentem
2311 1797 2540 1856 veniret.
2622 1797 2689 1856 In

817 1926 1051 1974 mentem
1092 1911 1195 1972 tibi
1227 1931 1445 1984 revoco,
1483 1907 1637 1990 quod
1673 1907 1779 1979 IX,
1800 1907 1838 1968 8
1878 1907 2080 1987 legitur
2116 1907 2269 1988 apud
2306 1908 2609 1971 Lucilium:

899 2026 1257 2108 Quapropter
1293 2025 1442 2094 dico,
1480 2044 1641 2083 anemo
1654 2067 1669 2092 ,
1707 2029 1810 2102 qui
1846 2022 2049 2098 culpat
2087 2019 2433 2089 Homerum,

895 2142 1183 2219 Perpetuo
1217 2140 1415 2218 culpat
1432 2180 1450 2211 ‚
1489 2158 1669 2215 neque
1688 2179 1703 2206 ‚
1746 2136 1893 2214 quod
1930 2135 2059 2194 dixi
2096 2143 2233 2194 aute
2246 2178 2263 2206 ‚
2294 2142 2491 2212 poesin
2504 2158 2533 2204 ,-

900 2253 1150 2312 Versum
1189 2273 1374 2310 unum
1403 2252 1631 2328 culpat,
1660 2250 1919 2322 verbum,
1948 2250 2309 2327 methymema
2340 2252 2686 2331 malignum.

817 2368 1004 2441 Quum
1039 2364 1116 2424 sic
1156 2361 1226 2423 de
1246 2364 1484 2423 Homero
1516 2363 1988 2443 pronunciaverit,
2030 2383 2217 2422 noune
2248 2363 2547 2424 verisimile
2586 2377 2662 2422 est
2672 2407 2693 2438 ,

819 2475 1058 2538 eundem
1103 2476 1391 2557 magnifice
1427 2473 1498 2534 de
1536 2475 1723 2534 Ennio
1760 2476 2021 2548 sensisse,
2078 2476 2239 2553 cujus
2276 2476 2523 2536 Annales
2564 2497 2691 2534 cum

821 2588 997 2650 Iliade
1018 2589 1243 2649 Homeri
1261 2587 1669 2670 composuerat?
1729 2587 2062 2647 Mediocrem
2098 2600 2279 2648 autem
2317 2588 2523 2649 Lucilii
2564 2591 2697 2647 doe-

823 2710 1050 2762 trinam
1069 2701 1285 2782 qualem
1305 2701 1615 2772 existimare
1650 2701 1958 2775 conveniat,
2000 2701 2127 2763 satis
2164 2688 2546 2781 explicuimuS,
2590 2703 2693 2762 ubi

823 2815 1182 2896 opposuimus
1237 2815 1288 2874 ei
1328 2822 1544 2872 miram
1562 2858 1580 2888 ,
1616 2836 1783 2893 quam
1824 2813 2002 2878 eidem
2042 2814 2425 2891 Quintilianus
2462 2816 2659 2874 tribuit
2676 2861 2695 2888 ,

825 2928 1204 2986 eruditionem
1239 2947 1294 3007 p.
1328 2925 1402 2986 81
1419 2924 1587 3000 ‚lo-t,
1634 2940 1689 2986 et
1724 2927 1953 2986 Latinae
1992 2926 2213 3009 linguae
2243 2929 2495 3008 peritiam
2526 2951 2581 3010 p.
2602 2930 2701 3001 82,

825 3060 965 3120 quae
1003 3039 1266 3120 respicere
1319 3059 1452 3098 sane
1505 3038 1751 3120 oportuit
1785 3060 1943 3113 eum,
1980 3040 2076 3118 qui
2107 3039 2389 3116 judicium
2428 3042 2567 3102 ferre
2604 3043 2702 3100 iu·-

827 3152 1013 3212 stituat
1048 3150 1118 3212 de
1155 3151 1358 3240 Lucilii
1398 3153 1462 3211 in
1495 3173 1556 3212 re
1592 3152 1785 3212 critica
1820 3151 2099 3215 facultate.

907 3267 1100 3326 Minus
1136 3266 1378 3347 profecto
1414 3267 1645 3328 miratus
1678 3287 1799 3326 sum
1814 3309 1829 3336 ,
1870 3263 2159 3326 offendisse
2194 3279 2274 3338 te,
2314 3265 2468 3346 quod
2505 3290 2561 3349 p.
2580 3269 2703 3330 235

831 3382 907 3440 ita
963 3381 1182 3462 scripsi:
1247 3403 1275 3436 α
1297 3381 1446 3440 Haec
1502 3377 1573 3438 de
1629 3380 1877 3459 personis
1915 3378 2217 3438 Lucili-‘inis
2252 3378 2704 3443 animadvertisse

827 3492 1080 3556 sufficiat.
1161 3493 1231 3552 In
1277 3491 1480 3572 quibus
1523 3499 1809 3570 far-imeres
1837 3493 2039 3570 populi
2094 3493 2408 3572 praesertim
2448 3492 2699 3552 attendi·-

828 3629 952 3668 mus
967 3650 987 3682 ,
1025 3627 1258 3686 quorum
1299 3606 1412 3667 vita
1447 3616 1498 3663 et
1535 3625 1625 3668 res,
1664 3604 1901 3672 notiores
1941 3616 2117 3666 erant.
2198 3603 2311 3666 Sed
2348 3605 2513 3664 etiam
2552 3606 2707 3687 igno·

830 3721 1055 3782 biliores
1112 3732 1273 3800 atque
1330 3739 1360 3778 e
1417 3717 1579 3800 plebe
1621 3716 1875 3778 homines
1932 3717 1995 3776 in
2038 3737 2225 3776 eorum
2268 3739 2497 3778 numero
2536 3719 2707 3778 fuisse

831 3833 1016 3918 palam
1051 3847 1132 3894 est
1149 3879 1166 3904 ‚
1225 3845 1383 3912 atque
1431 3831 1593 3922 plura
1628 3829 1825 3896 horum
1861 3829 2087 3890 nomina
2124 3831 2189 3890 in
2228 3831 2546 3913 fragmentis
2582 3853 2707 3892 cor-

831 3948 1009 4030 ruptis
1047 3947 1166 4007 sine
1202 3945 1374 4006 dubio
1412 3945 1599 4004 latent.
1660 3941 1829 4018 Quod
1867 3964 1997 4004 vero
2020 3943 2227 4003 dicitur
2244 3943 2493 4004 Lucilius
2530 3965 2706 4026 popu-

832 4061 950 4122 lum
979 4063 1250 4121 tributim
1279 4065 1626 4137 arripuisse,
1658 4078 1717 4116 re
1740 4079 1867 4118 vera
1896 4057 2141 4138 singulas
2180 4059 2476 4140 triginta
2512 4061 2707 4137 quin·

833 4195 872 4254 q
885 4195 964 4234 ue
1000 4173 1178 4234 tribus
1211 4186 1422 4234 notasse
1449 4171 1717 4234 videtur.»
1780 4171 1919 4232 Rem
1958 4171 2283 4232 confirmare
2324 4173 2707 4254 exemplorum

835 4286 1094 4364 varietate
1117 4286 1256 4346 mihi
1273 4307 1388 4346 non
1409 4281 1639 4362 licebat3
1672 4284 1772 4346 sed.
1788 4284 2110 4346 scholiastae
2132 4285 2313 4346 locum
2334 4286 2519 4368 attigi,
2538 4288 2709 4348 Luci-
