3075 5392
1678 599 1712 658 4

757 795 1170 877 accipiendum,
1191 809 1336 877 patet
1347 818 1361 871 3
1407 816 1469 856 ac
1491 795 1597 856 feci
1630 793 2163 880 aliorum-exemplo,
2190 797 2286 874 qui
2318 794 2635 875 hujusmodi

759 905 942 973 studia
978 908 1040 966 in
1077 906 1212 967 alios
1250 885 1536 989 scriptores
1576 906 2009 988 scriptorumque
2040 918 2395 965 monumenta
2437 919 2639 966 contu·-

759 1017 958 1078 lerunt.
1007 1017 1187 1078 Malui
1225 1039 1356 1079 vero
1368 1063 1388 1091 ,
1426 1018 1489 1076 in
1527 1017 1739 1097 integro
1778 1029 2145 1096 perpetuoque
2184 1031 2499 1096 argumento
2520 1039 2639 1076 mc-

761 1149 852 1188 am
898 1148 1118 1211 operam
1154 1129 1387 1202 versari3
1450 1129 1512 1188 in
1552 1148 1661 1207 quo
1701 1126 2050 1208 suscipiendo
2090 1127 2529 1208 elaborandoque
2566 1151 2637 1188 ne

764 1238 1051 1321 divagarer
1089 1240 1466 1322 imperitorum
1511 1253 1801 1300 nautarum
1840 1261 2017 1314 more,
2056 1239 2318 1319 quasdam
2355 1242 2492 1302 mihi
2526 1255 2639 1302 sta·-

764 1348 972 1421 tiones,
1013 1360 1140 1406 ante
1174 1369 1340 1426 quam
1372 1347 1689 1416 inchoarem
1708 1348 1837 1422 iter,
1866 1349 2027 1408 statui
2040 1391 2057 1422 ,
2087 1347 2161 1408 ad
2182 1369 2317 1428 quas
2334 1348 2639 1410 identidem

767 1461 986 1522 consilii
1027 1482 1249 1546 compos
1297 1461 1647 1544 appellerem.
1728 1462 1916 1539 Neque
1959 1460 2108 1522 istud
2143 1460 2271 1521 dico
2280 1507 2299 1536 ,
2350 1463 2507 1541 quasi
2536 1463 2641 1522 ab-

771 1573 997 1637 solvisse
1027 1595 1113 1633 me
1153 1574 1366 1649 omnia,
1407 1573 1476 1633 de
1495 1574 1699 1654 quibus
1719 1573 1954 1635 scribere
1983 1575 2226 1648 institui,
2244 1574 2531 1656 perbibere
2551 1597 2641 1635 ve·

767 1685 897 1759 lim,
958 1685 1161 1767 quippe
1219 1685 1282 1744 in
1339 1683 1676 1745 acutioribus
1732 1697 1891 1763 atque
1952 1683 2467 1765 intelligentioribus
2516 1685 2643 1766 plus

767 1797 902 1860 fidei
941 1821 1110 1878 quam
1149 1800 1211 1858 in
1253 1800 1568 1880 memetipso
1605 1819 1816 1880 ponens
1827 1843 1845 1873 ,
1884 1821 2019 1878 quos
2056 1812 2109 1858 et
2137 1798 2298 1880 plura
2323 1800 2645 1862 inventuros

768 1930 932 1989 quam
974 1929 1072 1990 ego
1111 1900 1520 1991 praestitissem,
1578 1921 1632 1968 et
1669 1908 1852 1971 verius
1888 1909 2105 1990 singula
2127 1955 2143 1983 ‚
2182 1930 2321 1989 quae
2359 1910 2647 1990 exposuis-

769 2043 920 2097 sem,
977 2020 1376 2102 dijudicaturus
1431 2021 1829 2098 existimabam.
1910 2025 2147 2082 Tantum
2200 2023 2351 2098 dico,
2392 2045 2507 2083 non
2528 2069 2546 2098 ,
2588 2038 2649 2083 ut

769 2155 1016 2214 quaeque
1055 2133 1234 2194 subito
1274 2134 1444 2192 menti
1486 2134 1728 2192 intentae
1768 2133 2149 2207 obvenissent,
2188 2136 2391 2194 chartis
2410 2155 2497 2194 me
2518 2135 2649 2195 ille·-

769 2242 914 2306 visse
934 2287 950 2313 ,
1010 2240 1110 2300 sed
1166 2240 1416 2302 adhibito
1446 2241 1667 2321 judicio
1705 2243 1766 2301 in
1806 2245 1959 2302 omni
2001 2244 2225 2304 materia
2274 2243 2649 2325 dispensanda

773 2364 828 2414 et
865 2350 1178 2412 ordinanda
1215 2365 1486 2414 versatum
1522 2373 1664 2425 esse,
1704 2365 1766 2412 ut
1800 2353 2113 2413 inventioni
2152 2333 2431 2434 dispositio
2448 2399 2466 2429 ‚
2528 2352 2653 2415 dis-

775 2461 1037 2545 positioni
1073 2462 1299 2544 scriptio
1337 2460 1660 2522 succederet.
1713 2461 1959 2522 Multum
1998 2461 2167 2543 igitur
2200 2462 2385 2537 abest,
2430 2478 2490 2523 ut
2522 2485 2651 2526 vere

778 2571 1164 2647 affirmaveriS,
1205 2594 1321 2648 me,
1351 2593 1525 2652 quum
1565 2570 1639 2632 ad
1670 2570 2023 2642 scribendum
2042 2571 2400 2646 accessissem,
2436 2574 2535 2636 vix
2555 2595 2659 2656 su-1

778 2685 1050 2766 spicatum
1105 2704 1248 2758 esse,
1305 2682 1484 2762 qualis
1542 2682 1800 2742 scribenti
1860 2704 2043 2742 rerum
2094 2684 2265 2744 moles
2314 2686 2655 2759 immineret,

779 2814 920 2873 quae
959 2791 1178 2852 consilii
1216 2792 1436 2872 inopem
1469 2812 1789 2873 oppressura
1827 2805 1981 2852 esset.
2047 2793 2141 2852 Nil
2181 2805 2235 2852 te
2274 2792 2490 2868 celabo3
2524 2815 2657 2853 nam

781 2901 984 2982 partim
1042 2920 1236 2969 verum
1283 2897 1476 2962 vidisti
1488 2943 1504 2971 ,
1564 2900 1767 2980 partim
1808 2913 1861 2958 te
1916 2901 2109 2980 opinio
2148 2903 2351 2962 mirum
2387 2916 2659 2982 quantum

782 3013 998 3074 fefellit.
1080 3012 1246 3072 Initio
1283 3033 1400 3072 non
1436 3011 1547 3070 nisi
1589 3010 1659 3070 de
1699 3011 1901 3072 Lucilii
1941 3015 2057 3073 vita
2093 3036 2155 3072 ac
2193 3016 2344 3094 poesi
2378 3013 2659 3096 disputare

787 3122 1070 3186 volueram
1083 3144 1100 3198 3
1173 3141 1305 3182 mox
1349 3119 1510 3203 plura
1569 3119 1855 3205 tractanda
1904 3143 2017 3182 esse
2074 3122 2437 3198 videbantur,
2498 3137 2662 3202 atque

785 3235 973 3296 omnia
1026 3234 1381 3316 investigare,
1434 3255 1575 3313 quae
1630 3232 1705 3294 ad
1743 3249 2127 3318 argumentum
2166 3237 2437 3317 pertinere
2466 3259 2663 3297 cense-

786 3342 947 3417 bam,
988 3344 1253 3434 placebat.
1337 3344 1524 3427 Crevit
1555 3344 1723 3430 igitur
1752 3346 2003 3420 materia,
2044 3349 2216 3408 crevit
2248 3351 2495 3421 animm,
2538 3372 2665 3410 cre-

789 3480 918 3522 vere
959 3446 1248 3540 diligentia
1277 3478 1341 3518 ac
1377 3459 1659 3539 patientia.
1698 3460 2053 3520 Accesserunt
2088 3482 2159 3520 ex
2196 3463 2321 3523 aliis
2360 3463 2495 3538 alia,
2534 3477 2665 3523 tan-

787 3570 1021 3656 demque
1071 3569 1281 3643 finibus
1331 3569 1617 3656 universae
1689 3567 2048 3651 disputationi
2108 3572 2411 3632 constitutis
2427 3617 2444 3648 ,
2498 3593 2667 3652 quam

787 3673 942 3768 viam
981 3685 1043 3743 in
1080 3681 1369 3769 partienda
1408 3695 1675 3758 tenerem,
1714 3680 1907 3742 sedulo
1945 3685 2229 3763 quaesivi,
2266 3707 2370 3746 nec
2412 3686 2511 3747 diu
2554 3685 2669 3747 du-

790 3798 920 3860 bius
970 3787 1136 3858 haesi.
1219 3795 1323 3856 Illa
1383 3797 1566 3872 enim,
1616 3809 1878 3877 tanquam
1933 3799 2187 3860 stationes
2198 3843 2216 3874 ,
2284 3803 2465 3883 capita
2524 3802 2670 3864 mihi

791 3910 1144 3993 praescripsi,
1185 3907 1390 3988 quibus
1425 3905 1873 3987 disquisitionum
1902 3910 2295 3972 successionem
2312 3912 2677 3973 continerem..

792 4025 944 4086 Haec
975 4026 1094 4103 jam
1133 4033 1278 4082 certa
1315 4033 1473 4080 erant
1513 4033 1641 4080 ante
1669 4041 1837 4100 quam
1877 4019 2177 4100 quidquam
2200 4023 2403 4104 scripto
2430 4022 2669 4084 manda..

793 4159 996 4200 veram.
1077 4133 1188 4196 Sed
1245 4131 1446 4194 accidit
1461 4177 1480 4208 ,
1534 4146 1599 4193 ut
1656 4155 1742 4194 res
1782 4133 1955 4215 ipsae,
2005 4155 2241 4214 quarum
2278 4155 2671 4198 commemora-

790 4250 998 4339 tionem
1036 4247 1338 4312 breviorem
1369 4259 1553 4306 mente
1580 4243 1873 4312 meditatus
1890 4244 2121 4320 fueram,
2147 4244 2373 4308 uberius
2388 4245 2671 4328 aliquanto
