3075 5392
1692 571 1773 632 22

777 779 842 840 in
902 777 1093 843 eodem
1153 779 1538 862 epigrammate
1592 791 1943 860 comparatur
1958 821 1977 853 ‚
2031 797 2146 840 non
2186 777 2386 842 dubito
2424 781 2562 857 quin
2607 801 2670 840 eo

773 890 976 964 valeat,
1039 903 1100 951 ut
1162 889 1581 972 pronunciandi
1640 890 1913 952 suavitate
1974 903 2029 954 et
2088 891 2353 972 gravitate
2394 891 2669 952 auditores

774 1003 1026 1064 allexisse
1086 1023 1380 1084 eorumque
1441 1023 1737 1064 numerum
1798 1003 1875 1063 ita
1915 1004 2133 1064 auxisse
2172 1001 2561 1086 perhibeatur,
2604 1017 2666 1062 ut

773 1117 968 1188 ceteri,
1027 1117 1127 1196 qui
1189 1119 1394 1177 Romae
1449 1115 1674 1198 publice
1714 1114 1976 1176 docerent
1991 1159 2011 1190 ,
2050 1117 2113 1175 in
2154 1111 2343 1180 vacuis
2382 1113 2669 1184 auditoriis

773 1225 880 1288 soli
919 1227 1310 1288 declamarent.
1391 1227 1518 1288 Non
1558 1227 1699 1286 mihi
1738 1240 1801 1287 tu
1840 1225 1902 1285 id
1938 1226 2153 1308 largiris
2172 1271 2189 1302 ,
2228 1227 2327 1306 qui
2368 1225 2439 1286 de
2476 1226 2666 1288 obscu-

771 1341 910 1398 ratis
947 1340 1169 1409 ceteris,
1213 1360 1327 1398 non
1377 1338 1604 1400 desertis
1640 1339 2011 1420 significatum
2051 1359 2167 1398 esse
2204 1339 2399 1398 mavis.
2480 1339 2667 1417 Neque

767 1472 900 1511 vero
959 1471 1059 1532 ego
1099 1451 1232 1510 huic
1293 1448 1551 1510 accedere
1589 1451 2032 1530 interpretationi
2066 1464 2193 1510 tuae
2230 1471 2513 1531 gravarer,
2556 1449 2665 1510 nisi

773 1563 1167 1644 epigrammate
1225 1560 1289 1621 id
1324 1576 1687 1622 memoratum
1728 1576 1891 1638 esset3
1934 1565 2093 1641 cujus
2134 1577 2197 1622 ut
2236 1563 2514 1644 singulare
2554 1584 2667 1624 esse

773 1695 1006 1735 acumen
1049 1675 1212 1748 solet,
1253 1675 1330 1734 ita
1369 1672 1522 1734 haud
1562 1675 1675 1733 scio
1716 1695 1791 1732 an
1831 1694 1949 1733 non
1990 1675 2209 1734 Sirenes
2246 1675 2456 1735 mentio
2482 1676 2665 1756 ipsum

773 1785 922 1845 illud
983 1806 1216 1846 acumen
1273 1784 1503 1866 prodat,
1568 1799 1631 1844 ut
1689 1785 1817 1866 plus
1858 1786 1919 1844 in
1959 1805 2175 1846 recessu
2214 1786 2447 1860 habeat,
2500 1809 2665 1866 quam

769 1898 956 1958 fronte
996 1898 1313 1978 promittat:
1374 1911 1569 1957 contra
1622 1910 1717 1956 tua
1768 1897 2067 1978 explicatio
2106 1897 2369 1980 languere
2407 1897 2633 1962 videtur
2649 1943 2667 1971 ‚

772 2032 874 2072 nec
915 2012 1118 2070 micam
1158 2009 1289 2070 salis
1328 2009 1586 2072 ostendit.
1636 2008 1851 2085 Quodsi
1890 2023 2067 2070 cetera
2109 2009 2364 2071 Bibaculi
2403 2010 2666 2092 legimus,

769 2145 1098 2205 magnopere
1159 2123 1563 2182 confirmantur
1618 2143 1759 2202 quae
1820 2122 1944 2184 dixi
1957 2145 1975 2199 5
2040 2121 2181 2182 dicit
2219 2123 2395 2182 enim:
2455 2129 2667 2182 ”arati

769 2257 974 2296 sumus
1013 2243 1306 2294 unicum
1347 2241 1723 2316 magistrum.

851 2351 903 2406 A
943 2347 1148 2407 Catone
1181 2348 1372 2428 igitur,
1413 2347 1763 2406 recitatorum
1794 2347 2129 2428 coryphaeo,
2166 2363 2419 2422 excisus,
2458 2344 2533 2407 ad
2562 2349 2599 2408 J
2602 2369 2663 2408 u·

773 2460 1028 2524 venalem
1062 2482 1118 2542 p.
1157 2459 1274 2519 145
1315 2478 1633 2541 progressus
1669 2480 1793 2520 sum
1804 2504 1821 2535 ,
1860 2460 1973 2539 ,qui
2010 2459 2263 2520 rubuisse
2300 2461 2630 2520 auditorem
2646 2505 2662 2533 ,

771 2575 865 2637 cui
923 2571 1127 2655 frigida
1182 2593 1338 2632 mens
1393 2584 1566 2643 esset,
1630 2571 1961 2632 criminibus
1982 2615 1997 2642 ,
2060 2573 2275 2651 quoties
2330 2572 2485 2634 velut
2533 2593 2663 2633 ense

771 2688 958 2748 stricto
985 2685 1235 2746 Lucilius
1277 2684 1610 2746 infremeret.
1691 2684 1804 2744 mc
1835 2698 1887 2744 te
1918 2684 2054 2744 mire
2086 2683 2443 2744 fluctuantem
2482 2683 2663 2746 video.

771 2802 914 2862 Nam
963 2801 1210 2882 primum
1261 2799 1520 2876 conjiciS,
1579 2796 1831 2859 versibus
1890 2795 2005 2856 illis
2043 2797 2161 2858 vim
2201 2795 2478 2877 proditam
2512 2817 2626 2856 esse
2644 2839 2661 2868 ‚

776 2933 946 2993 quam
985 2911 1190 2971 Lucilii
1243 2909 1490 2969 carmina
1535 2911 1599 2968 in
1650 2908 1971 2988 aequalibus
2020 2907 2363 2984 habuerunt3
2420 2921 2539 2967 tum
2576 2920 2661 2989 ty-

770 3024 896 3105 pice
931 3023 1135 3082 Lucilii
1173 3041 1377 3081 nomen
1418 3041 1519 3102 pro
1559 3023 1803 3100 cujusvis
1842 3021 2045 3081 satirici
2090 3034 2413 3102 usurpatum
2451 3019 2657 3096 credis;

772 3137 1100 3196 auditorem
1135 3155 1266 3196 vero
1305 3155 1431 3193 eum
1463 3132 1636 3193 habes
1648 3178 1665 3209 ,
1706 3134 1803 3212 qui
1830 3133 2035 3192 satirici
2074 3134 2257 3214 operis
2290 3133 2659 3214 cognitionem

769 3269 990 3330 quoquo
1021 3245 1186 3308 modo
1236 3247 1490 3328 percipit.
1571 3246 1819 3306 Alterum
1868 3245 2017 3305 illud
2063 3245 2265 3305 falsum
2302 3265 2444 3319 esse,
2504 3245 2657 3304 locus

771 3361 890 3443 ipse
927 3359 1110 3433 docet,
1150 3380 1254 3419 nec
1295 3357 1461 3420 video
1497 3357 1775 3438 quomodo
1812 3357 1882 3418 G.
1922 3359 2130 3418 Reini
2160 3355 2417 3437 exemplo
2438 3355 2500 3416 id
2516 3356 2657 3416 tueri

771 3473 963 3555 possis.
1049 3471 1252 3551 Aperta
1288 3471 1439 3530 enim
1476 3483 1558 3530 est
1594 3475 1787 3551 poetae
1821 3467 1891 3529 de
1930 3490 2031 3550 sua
2070 3482 2239 3529 aetate
2276 3469 2501 3528 mentio.
2540 3467 2655 3527 Nec

773 3598 972 3666 typum
1011 3601 1274 3664 agnosc0‚
1313 3582 1425 3642 nisi
1464 3595 1516 3642 et
1552 3605 1837 3664 magnum
1874 3581 2197 3640 Auruncae
2224 3585 2531 3640 alumnum
2558 3582 2657 3641 Ju‘·

771 3695 1018 3772 venalis,
1077 3707 1131 3755 et
1173 3695 1346 3754 Persii
1399 3703 1582 3754 saeuit
1620 3681 1887 3755 Lucilius
1931 3695 2135 3754 Urbem
2170 3695 2357 3776 typica
2397 3693 2657 3754 habenda

769 3797 924 3868 mint.
1001 3809 1283 3868 Praeterea
1319 3807 1637 3867 maluissem
1658 3851 1673 3878 ,
1735 3809 2062 3866 auditorem
2100 3805 2254 3888 apud
2292 3808 2517 3866 Latinos
2554 3827 2617 3866 ea
2636 3850 2654 3880 ‚

767 3941 936 4000 quam
971 3917 1196 3994 dixisti,
1234 3919 1637 4001 significatione
1666 3920 1730 3979 in
1762 3939 1867 3978 usu
1904 3918 2069 3978 fuisse
2098 3917 2451 3988 ostendisseS,
2484 3939 2650 3997 quam

771 4031 1055 4094 Plutarchi
1087 4051 1292 4091 morem
1315 4053 1349 4091 a
1367 4029 1807 4112 wyttenbachio
1830 4042 2111 4105 notatum,
2136 4033 2361 4092 ἀκούειν
2392 4028 2468 4086 ita
2498 4049 2653 4088 usur-

771 4147 984 4228 pantis,
1023 4144 1340 4205 indicasses.
1421 4144 1671 4204 Tacuisti
1708 4157 1891 4204 autem
1932 4143 2004 4204 de
2040 4143 2225 4204 Gellio
2243 4183 2261 4216 ,
2310 4141 2473 4219 cujus
2505 4138 2654 4201 testi·

775 4257 962 4320 monia
997 4275 1170 4338 quum
1214 4257 1443 4318 minime
1494 4253 1825 4338 negligenda
1862 4254 2000 4316 mihi
2042 4255 2159 4316 visa
2200 4252 2354 4328 sint,-
2389 4266 2453 4312 ut
2487 4251 2650 4312 etiam
