<?xml version="1.0" encoding="UTF-8"?>
<!DOCTYPE html PUBLIC "-//W3C//DTD XHTML 1.0 Transitional//EN"
    "http://www.w3.org/TR/xhtml1/DTD/xhtml1-transitional.dtd">
<html xmlns="http://www.w3.org/1999/xhtml" xml:lang="en" lang="en">
 <head>
  <title>
</title>
<meta http-equiv="Content-Type" content="text/html;charset=utf-8" />
  <meta name='ocr-system' content='tesseract 3.04.00' />
  <meta name='ocr-capabilities' content='ocr_page ocr_carea ocr_par ocr_line ocrx_word'/>
</head>
<body>
  <div class='ocr_page' id='page_1' title='image "./epistolaadcarfr00hermgoog_0026.png"; bbox 0 0 3075 5392; ppageno 0'>
   <div class='ocr_carea' id='block_1_1' title="bbox 1683 531 1754 590">
    <p class='ocr_par' dir='ltr' id='par_1_1' title="bbox 1683 531 1754 590">
     <span class='ocr_line' id='line_1_1' title="bbox 1683 531 1754 590; baseline 0.028 -2"><span class='ocrx_word' id='word_1_1' title='bbox 1683 531 1754 590; x_wconf 85' lang='lat'><strong>18</strong></span> 
     </span>
    </p>
   </div>
   <div class='ocr_carea' id='block_1_2' title="bbox 774 734 2694 4298">
    <p class='ocr_par' dir='ltr' id='par_1_2' title="bbox 774 734 2671 1378">
     <span class='ocr_line' id='line_1_2' title="bbox 944 734 2600 812; baseline 0.001 -18"><span class='ocrx_word' id='word_1_2' title='bbox 944 736 1066 794; x_wconf 73' lang='lat' dir='ltr'><strong>Pro</strong></span> <span class='ocrx_word' id='word_1_3' title='bbox 1106 735 1355 804; x_wconf 76' lang='lat' dir='ltr'><strong>Lucilio,</strong></span> <span class='ocrx_word' id='word_1_4' title='bbox 1396 734 1459 790; x_wconf 73' lang='lat' dir='ltr'><strong>id</strong></span> <span class='ocrx_word' id='word_1_5' title='bbox 1498 751 1598 812; x_wconf 75' lang='lat' dir='ltr'><strong>ego</strong></span> <span class='ocrx_word' id='word_1_6' title='bbox 1641 734 1762 790; x_wconf 79' lang='lat' dir='ltr'><em>nolo</em></span> <span class='ocrx_word' id='word_1_7' title='bbox 1803 744 1861 792; x_wconf 81' lang='lat' dir='ltr'><strong>et</strong></span> <span class='ocrx_word' id='word_1_8' title='bbox 1901 737 2000 793; x_wconf 78' lang='lat' dir='ltr'><strong>hoe</strong></span> <span class='ocrx_word' id='word_1_9' title='bbox 2041 755 2149 794; x_wconf 80' lang='lat' dir='ltr'><strong>non</strong></span> <span class='ocrx_word' id='word_1_10' title='bbox 2193 745 2352 794; x_wconf 74' lang='lat' dir='ltr'><strong>muto</strong></span> <span class='ocrx_word' id='word_1_11' title='bbox 2391 745 2600 796; x_wconf 74' lang='lat' dir='ltr'><strong>omnia.</strong></span> 
     </span>
     <span class='ocr_line' id='line_1_3' title="bbox 780 843 2662 928; baseline 0.002 -22"><span class='ocrx_word' id='word_1_12' title='bbox 780 845 853 906; x_wconf 83' lang='lat' dir='ltr'><strong>ab</strong></span> <span class='ocrx_word' id='word_1_13' title='bbox 892 847 1002 906; x_wconf 88' lang='lat' dir='ltr'><strong>alio</strong></span> <span class='ocrx_word' id='word_1_14' title='bbox 1041 843 1279 925; x_wconf 81' lang='lat' dir='ltr'><strong>quodam</strong></span> <span class='ocrx_word' id='word_1_15' title='bbox 1298 885 1317 916; x_wconf 91' lang='lat'><strong>,</strong></span> <span class='ocrx_word' id='word_1_16' title='bbox 1370 863 1483 902; x_wconf 85' lang='lat' dir='ltr'><strong>non</strong></span> <span class='ocrx_word' id='word_1_17' title='bbox 1540 864 1573 902; x_wconf 87' lang='lat' dir='ltr'><strong>a</strong></span> <span class='ocrx_word' id='word_1_18' title='bbox 1623 844 1840 905; x_wconf 85' lang='lat' dir='ltr'><strong>Lucilio</strong></span> <span class='ocrx_word' id='word_1_19' title='bbox 1893 846 2012 927; x_wconf 87' lang='lat' dir='ltr'><strong>ipso</strong></span> <span class='ocrx_word' id='word_1_20' title='bbox 2052 847 2292 928; x_wconf 70' lang='lat' dir='ltr'><strong>prolatos</strong></span> <span class='ocrx_word' id='word_1_21' title='bbox 2329 849 2662 909; x_wconf 82' lang='lat' dir='ltr'><strong>existimavi.</strong></span> 
     </span>
     <span class='ocr_line' id='line_1_4' title="bbox 778 955 2668 1042; baseline 0.003 -26"><span class='ocrx_word' id='word_1_22' title='bbox 778 959 1043 1033; x_wconf 84' lang='lat' dir='ltr'><strong>Quamvis</strong></span> <span class='ocrx_word' id='word_1_23' title='bbox 1084 956 1253 1016; x_wconf 79' lang='lat' dir='ltr'><strong>velim</strong></span> <span class='ocrx_word' id='word_1_24' title='bbox 1294 968 1347 1014; x_wconf 89' lang='lat' dir='ltr'><strong>te</strong></span> <span class='ocrx_word' id='word_1_25' title='bbox 1400 955 1617 1016; x_wconf 86' lang='lat' dir='ltr'><strong>medico</strong></span> <span class='ocrx_word' id='word_1_26' title='bbox 1661 957 1782 1030; x_wconf 88' lang='lat' dir='ltr'><strong>uti,</strong></span> <span class='ocrx_word' id='word_1_27' title='bbox 1839 971 2025 1020; x_wconf 90' lang='lat' dir='ltr'><strong>tamen</strong></span> <span class='ocrx_word' id='word_1_28' title='bbox 2075 979 2266 1020; x_wconf 63' lang='lat' dir='ltr'><strong>vereor</strong></span> <span class='ocrx_word' id='word_1_29' title='bbox 2301 971 2364 1019; x_wconf 88' lang='lat' dir='ltr'><strong>ut</strong></span> <span class='ocrx_word' id='word_1_30' title='bbox 2399 960 2496 1020; x_wconf 76' lang='lat' dir='ltr'><strong>hic</strong></span> <span class='ocrx_word' id='word_1_31' title='bbox 2543 983 2668 1042; x_wconf 87' lang='lat' dir='ltr'><strong>pos-</strong></span> 
     </span>
     <span class='ocr_line' id='line_1_5' title="bbox 774 1068 2671 1154; baseline 0.002 -26"><span class='ocrx_word' id='word_1_32' title='bbox 774 1071 894 1128; x_wconf 89' lang='lat' dir='ltr'><strong>sim.</strong></span> <span class='ocrx_word' id='word_1_33' title='bbox 976 1069 1287 1146; x_wconf 84' lang='lat' dir='ltr'><strong>Quinquies</strong></span> <span class='ocrx_word' id='word_1_34' title='bbox 1323 1069 1475 1128; x_wconf 89' lang='lat' dir='ltr'><strong>enim</strong></span> <span class='ocrx_word' id='word_1_35' title='bbox 1528 1068 1732 1128; x_wconf 85' lang='lat' dir='ltr'><strong>Lucilii</strong></span> <span class='ocrx_word' id='word_1_36' title='bbox 1782 1071 2120 1130; x_wconf 83' lang='lat' dir='ltr'><strong>mentionem</strong></span> <span class='ocrx_word' id='word_1_37' title='bbox 2159 1072 2360 1131; x_wconf 86' lang='lat' dir='ltr'><strong>factam</strong></span> <span class='ocrx_word' id='word_1_38' title='bbox 2409 1073 2472 1130; x_wconf 88' lang='lat' dir='ltr'><strong>in</strong></span> <span class='ocrx_word' id='word_1_39' title='bbox 2527 1073 2671 1154; x_wconf 86' lang='lat' dir='ltr'><strong>frag-</strong></span> 
     </span>
     <span class='ocr_line' id='line_1_6' title="bbox 778 1179 2665 1263; baseline 0.002 -24"><span class='ocrx_word' id='word_1_40' title='bbox 778 1179 975 1239; x_wconf 81' lang='lat' dir='ltr'><strong>mentis</strong></span> <span class='ocrx_word' id='word_1_41' title='bbox 1013 1180 1369 1257; x_wconf 80' lang='lat' dir='ltr'><strong>iuvenimus3</strong></span> <span class='ocrx_word' id='word_1_42' title='bbox 1427 1180 1595 1241; x_wconf 87' lang='lat' dir='ltr'><strong>semel</strong></span> <span class='ocrx_word' id='word_1_43' title='bbox 1637 1183 1868 1256; x_wconf 88' lang='lat' dir='ltr'>XXVI,</span> <span class='ocrx_word' id='word_1_44' title='bbox 1911 1183 1977 1257; x_wconf 89' lang='lat'><strong>6,</strong></span> <span class='ocrx_word' id='word_1_45' title='bbox 2038 1185 2136 1263; x_wconf 89' lang='lat' dir='ltr'><strong>qui</strong></span> <span class='ocrx_word' id='word_1_46' title='bbox 2173 1183 2327 1244; x_wconf 87' lang='lat' dir='ltr'><strong>locus</strong></span> <span class='ocrx_word' id='word_1_47' title='bbox 2363 1182 2530 1244; x_wconf 87' lang='lat' dir='ltr'><strong>modo</strong></span> <span class='ocrx_word' id='word_1_48' title='bbox 2571 1182 2665 1243; x_wconf 86' lang='lat' dir='ltr'><strong>‹le-</strong></span> 
     </span>
     <span class='ocr_line' id='line_1_7' title="bbox 776 1292 2350 1378; baseline 0.003 -26"><span class='ocrx_word' id='word_1_49' title='bbox 776 1292 1040 1374; x_wconf 84' lang='lat' dir='ltr'><strong>scriptus3</strong></span> <span class='ocrx_word' id='word_1_50' title='bbox 1084 1305 1203 1352; x_wconf 85' lang='lat' dir='ltr'><strong>tum</strong></span> <span class='ocrx_word' id='word_1_51' title='bbox 1244 1293 1505 1363; x_wconf 89' lang='lat' dir='ltr'><strong>XXVII,</strong></span> <span class='ocrx_word' id='word_1_52' title='bbox 1549 1292 1586 1352; x_wconf 85' lang='lat'><strong>4</strong></span> <span class='ocrx_word' id='word_1_53' title='bbox 1628 1293 1739 1376; x_wconf 80' lang='lat' dir='ltr'>(Cf.</span> <span class='ocrx_word' id='word_1_54' title='bbox 1772 1293 1915 1376; x_wconf 86' lang='lat' dir='ltr'><strong>disp.</strong></span> <span class='ocrx_word' id='word_1_55' title='bbox 1956 1317 2078 1355; x_wconf 86' lang='lat' dir='ltr'><strong>mea</strong></span> <span class='ocrx_word' id='word_1_56' title='bbox 2115 1317 2170 1378; x_wconf 85' lang='lat' dir='ltr'><strong>p.</strong></span> <span class='ocrx_word' id='word_1_57' title='bbox 2204 1295 2350 1378; x_wconf 81' lang='lat'>314)</span> 
     </span>
    </p>

    <p class='ocr_par' dir='ltr' id='par_1_3' title="bbox 1462 1409 2630 1486">
     <span class='ocr_line' id='line_1_8' title="bbox 1462 1409 2630 1486; baseline 0.003 -22"><span class='ocrx_word' id='word_1_58' title='bbox 1462 1441 1544 1450; x_wconf 92' lang='lat'><strong>—-</strong></span> <span class='ocrx_word' id='word_1_59' title='bbox 1583 1409 2019 1486; x_wconf 66' lang='lat' dir='ltr'><strong>salutemfietis</strong></span> <span class='ocrx_word' id='word_1_60' title='bbox 2047 1411 2304 1468; x_wconf 67' lang='lat' dir='ltr'><strong>versibus</strong></span> <span class='ocrx_word' id='word_1_61' title='bbox 2330 1409 2630 1482; x_wconf 69' lang='lat' dir='ltr'><strong>Lucilius,</strong></span> 
     </span>
    </p>

    <p class='ocr_par' dir='ltr' id='par_1_4' title="bbox 779 1516 2671 1819">
     <span class='ocr_line' id='line_1_9' title="bbox 783 1516 2668 1599; baseline 0.002 -25"><span class='ocrx_word' id='word_1_62' title='bbox 783 1516 1002 1599; x_wconf 71' lang='lat' dir='ltr'><strong>Quibus</strong></span> <span class='ocrx_word' id='word_1_63' title='bbox 1021 1526 1238 1596; x_wconf 71' lang='lat' dir='ltr'><strong>potest,</strong></span> <span class='ocrx_word' id='word_1_64' title='bbox 1268 1522 1563 1594; x_wconf 79' lang='lat' dir='ltr'><strong>impertit,</strong></span> <span class='ocrx_word' id='word_1_65' title='bbox 1597 1526 1892 1596; x_wconf 79' lang='lat' dir='ltr'><strong>totumque</strong></span> <span class='ocrx_word' id='word_1_66' title='bbox 1931 1520 2030 1576; x_wconf 80' lang='grc' dir='ltr'><em>Ιιοο</em></span> <span class='ocrx_word' id='word_1_67' title='bbox 2073 1519 2322 1578; x_wconf 67' lang='lat' dir='ltr'><strong>studione</strong></span> <span class='ocrx_word' id='word_1_68' title='bbox 2361 1529 2419 1577; x_wconf 86' lang='lat' dir='ltr'><strong>et</strong></span> <span class='ocrx_word' id='word_1_69' title='bbox 2459 1521 2668 1578; x_wconf 70' lang='lat' dir='ltr'><strong>sedulo.</strong></span> 
     </span>
     <span class='ocr_line' id='line_1_10' title="bbox 782 1629 2671 1712; baseline 0.002 -24"><span class='ocrx_word' id='word_1_70' title='bbox 782 1629 922 1688; x_wconf 77' lang='lat' dir='ltr'>End.</span> <span class='ocrx_word' id='word_1_71' title='bbox 966 1633 1033 1688; x_wconf 82' lang='lat'><strong>5:</strong></span> <span class='ocrx_word' id='word_1_72' title='bbox 1124 1629 1209 1688; x_wconf 80' lang='lat' dir='ltr'><strong>Tu</strong></span> <span class='ocrx_word' id='word_1_73' title='bbox 1258 1630 1556 1690; x_wconf 79' lang='lat' dir='ltr'><em>Lucilium</em></span> <span class='ocrx_word' id='word_1_74' title='bbox 1607 1632 1795 1688; x_wconf 71' lang='lat' dir='ltr'><strong>eredis</strong></span> <span class='ocrx_word' id='word_1_75' title='bbox 1842 1641 2282 1705; x_wconf 71' lang='lat' dir='ltr'><strong>contentarum,</strong></span> <span class='ocrx_word' id='word_1_76' title='bbox 2353 1655 2534 1712; x_wconf 77' lang='lat' dir='ltr'><strong>quum</strong></span> <span class='ocrx_word' id='word_1_77' title='bbox 2581 1655 2671 1692; x_wconf 81' lang='lat' dir='ltr'><strong>me</strong></span> 
     </span>
     <span class='ocr_line' id='line_1_11' title="bbox 779 1746 1914 1819; baseline -0.002 -19"><span class='ocrx_word' id='word_1_78' title='bbox 779 1749 1071 1819; x_wconf 75' lang='lat' dir='ltr'><strong>ruperim,</strong></span> <span class='ocrx_word' id='word_1_79' title='bbox 1154 1763 1382 1800; x_wconf 73' lang='lat' dir='ltr'><strong>surnma</strong></span> <span class='ocrx_word' id='word_1_80' title='bbox 1421 1750 1614 1802; x_wconf 83' lang='lat' dir='ltr'><strong>omnia</strong></span> <span class='ocrx_word' id='word_1_81' title='bbox 1640 1746 1914 1817; x_wconf 77' lang='lat' dir='ltr'><strong><em>fecerim.</em></strong></span> 
     </span>
    </p>

    <p class='ocr_par' dir='ltr' id='par_1_5' title="bbox 784 1853 2672 2045">
     <span class='ocr_line' id='line_1_12' title="bbox 784 1853 2428 1928; baseline 0.001 -16"><span class='ocrx_word' id='word_1_82' title='bbox 784 1853 1071 1928; x_wconf 86' lang='lat' dir='ltr'>XXVIII,</span> <span class='ocrx_word' id='word_1_83' title='bbox 1112 1853 1219 1914; x_wconf 83' lang='lat'><strong>31:</strong></span> <span class='ocrx_word' id='word_1_84' title='bbox 1261 1853 1528 1913; x_wconf 68' lang='lat' dir='ltr'><strong>Lucilius</strong></span> <span class='ocrx_word' id='word_1_85' title='bbox 1569 1862 1621 1912; x_wconf 69' lang='lat' dir='ltr'><strong>ai</strong></span> <span class='ocrx_word' id='word_1_86' title='bbox 1659 1862 1723 1911; x_wconf 75' lang='lat' dir='ltr'><strong>in</strong></span> <span class='ocrx_word' id='word_1_87' title='bbox 1767 1875 1958 1912; x_wconf 82' lang='lat' dir='ltr'><strong>amore</strong></span> <span class='ocrx_word' id='word_1_88' title='bbox 1998 1862 2273 1914; x_wconf 75' lang='lat' dir='ltr'><strong>irritaric</strong></span> <span class='ocrx_word' id='word_1_89' title='bbox 2314 1877 2428 1915; x_wconf 71' lang='lat' dir='ltr'><strong>sua.</strong></span> 
     </span>
     <span class='ocr_line' id='line_1_13' title="bbox 787 1963 2672 2045; baseline 0.002 -21"><span class='ocrx_word' id='word_1_90' title='bbox 787 1965 1019 2040; x_wconf 86' lang='lat' dir='ltr'>XXIX,</span> <span class='ocrx_word' id='word_1_91' title='bbox 1085 1963 1185 2023; x_wconf 82' lang='lat'><strong>10:</strong></span> <span class='ocrx_word' id='word_1_92' title='bbox 1268 1966 1502 2025; x_wconf 75' lang='lat' dir='ltr'><strong>Amicos</strong></span> <span class='ocrx_word' id='word_1_93' title='bbox 1551 1967 1710 2025; x_wconf 76' lang='lat' dir='ltr'><strong>hodie</strong></span> <span class='ocrx_word' id='word_1_94' title='bbox 1749 1989 1882 2024; x_wconf 82' lang='lat' dir='ltr'><strong>eum</strong></span> <span class='ocrx_word' id='word_1_95' title='bbox 1922 1969 2172 2045; x_wconf 81' lang='lat' dir='ltr'><strong>improbo</strong></span> <span class='ocrx_word' id='word_1_96' title='bbox 2204 1971 2304 2026; x_wconf 81' lang='lat' dir='ltr'><strong>illo</strong></span> <span class='ocrx_word' id='word_1_97' title='bbox 2339 1971 2672 2028; x_wconf 79' lang='lat' dir='ltr'><strong>audivimus</strong></span> 
     </span>
    </p>

    <p class='ocr_par' dir='ltr' id='par_1_6' title="bbox 1261 2080 1837 2139">
     <span class='ocr_line' id='line_1_14' title="bbox 1261 2080 1837 2139; baseline -0.002 0"><span class='ocrx_word' id='word_1_98' title='bbox 1261 2080 1487 2139; x_wconf 77' lang='lat' dir='ltr'><strong>Lucilio</strong></span> <span class='ocrx_word' id='word_1_99' title='bbox 1527 2081 1837 2138; x_wconf 73' lang='lat' dir='ltr'><strong><em>advocasse.</em></strong></span> 
     </span>
    </p>

    <p class='ocr_par' dir='ltr' id='par_1_7' title="bbox 780 2191 2694 4298">
     <span class='ocr_line' id='line_1_15' title="bbox 782 2191 2675 2269; baseline 0 -17"><span class='ocrx_word' id='word_1_100' title='bbox 782 2192 872 2252; x_wconf 82' lang='lat' dir='ltr'><strong>Ex</strong></span> <span class='ocrx_word' id='word_1_101' title='bbox 926 2191 1015 2250; x_wconf 87' lang='lat' dir='ltr'><strong>his</strong></span> <span class='ocrx_word' id='word_1_102' title='bbox 1070 2205 1305 2269; x_wconf 88' lang='lat' dir='ltr'><strong>quatuor</strong></span> <span class='ocrx_word' id='word_1_103' title='bbox 1364 2191 1497 2251; x_wconf 89' lang='lat' dir='ltr'><strong>locis</strong></span> <span class='ocrx_word' id='word_1_104' title='bbox 1547 2193 1726 2253; x_wconf 88' lang='lat' dir='ltr'><strong>cuivis</strong></span> <span class='ocrx_word' id='word_1_105' title='bbox 1779 2191 2132 2251; x_wconf 85' lang='lat' dir='ltr'><strong>manifestum</strong></span> <span class='ocrx_word' id='word_1_106' title='bbox 2185 2207 2294 2266; x_wconf 87' lang='lat' dir='ltr'><strong>est,</strong></span> <span class='ocrx_word' id='word_1_107' title='bbox 2335 2192 2579 2254; x_wconf 83' lang='lat' dir='ltr'><strong>secundo</strong></span> <span class='ocrx_word' id='word_1_108' title='bbox 2618 2207 2675 2254; x_wconf 88' lang='lat' dir='ltr'><strong>et</strong></span> 
     </span>
     <span class='ocr_line' id='line_1_16' title="bbox 783 2301 2674 2391; baseline 0.002 -30"><span class='ocrx_word' id='word_1_109' title='bbox 783 2315 979 2380; x_wconf 88' lang='lat' dir='ltr'><strong>quarto</strong></span> <span class='ocrx_word' id='word_1_110' title='bbox 1012 2301 1257 2362; x_wconf 86' lang='lat' dir='ltr'><strong>dicentes</strong></span> <span class='ocrx_word' id='word_1_111' title='bbox 1297 2301 1368 2361; x_wconf 88' lang='lat' dir='ltr'><strong>de</strong></span> <span class='ocrx_word' id='word_1_112' title='bbox 1408 2324 1465 2362; x_wconf 89' lang='lat' dir='ltr'><strong>se</strong></span> <span class='ocrx_word' id='word_1_113' title='bbox 1499 2303 1642 2391; x_wconf 25' lang='lat' dir='ltr'><strong>alios·</strong></span> <span class='ocrx_word' id='word_1_114' title='bbox 1675 2301 1964 2362; x_wconf 86' lang='lat' dir='ltr'><strong>induxisse</strong></span> <span class='ocrx_word' id='word_1_115' title='bbox 1999 2309 2242 2384; x_wconf 67' lang='lat' dir='ltr'><strong>poetam,</strong></span> <span class='ocrx_word' id='word_1_116' title='bbox 2283 2326 2455 2383; x_wconf 87' lang='lat' dir='ltr'><strong>quum</strong></span> <span class='ocrx_word' id='word_1_117' title='bbox 2492 2305 2674 2386; x_wconf 88' lang='lat' dir='ltr'><strong>primo</strong></span> 
     </span>
     <span class='ocr_line' id='line_1_17' title="bbox 780 2413 2674 2497; baseline 0.001 -23"><span class='ocrx_word' id='word_1_118' title='bbox 780 2417 899 2496; x_wconf 91' lang='lat' dir='ltr'><strong>ipse</strong></span> <span class='ocrx_word' id='word_1_119' title='bbox 941 2414 1011 2474; x_wconf 86' lang='lat' dir='ltr'><strong>de</strong></span> <span class='ocrx_word' id='word_1_120' title='bbox 1044 2436 1099 2474; x_wconf 91' lang='lat' dir='ltr'><strong>se</strong></span> <span class='ocrx_word' id='word_1_121' title='bbox 1136 2413 1355 2475; x_wconf 83' lang='lat' dir='ltr'><strong>locutus</strong></span> <span class='ocrx_word' id='word_1_122' title='bbox 1384 2416 1472 2474; x_wconf 87' lang='lat' dir='ltr'><strong>sit.</strong></span> <span class='ocrx_word' id='word_1_123' title='bbox 1555 2416 1681 2475; x_wconf 88' lang='lat' dir='ltr'><strong>Non</strong></span> <span class='ocrx_word' id='word_1_124' title='bbox 1720 2416 1889 2497; x_wconf 79' lang='lat' dir='ltr'><strong>igitur</strong></span> <span class='ocrx_word' id='word_1_125' title='bbox 1922 2436 2146 2496; x_wconf 86' lang='lat' dir='ltr'><strong>prorsus</strong></span> <span class='ocrx_word' id='word_1_126' title='bbox 2184 2417 2414 2496; x_wconf 87' lang='lat' dir='ltr'><strong>ineptiat</strong></span> <span class='ocrx_word' id='word_1_127' title='bbox 2455 2438 2674 2476; x_wconf 86' lang='lat' dir='ltr'><strong>necesse</strong></span> 
     </span>
     <span class='ocr_line' id='line_1_18' title="bbox 784 2525 2674 2607; baseline 0.001 -19"><span class='ocrx_word' id='word_1_128' title='bbox 784 2543 902 2603; x_wconf 82' lang='lat' dir='ltr'><strong>est,</strong></span> <span class='ocrx_word' id='word_1_129' title='bbox 962 2529 1009 2587; x_wconf 89' lang='lat' dir='ltr'><strong>si</strong></span> <span class='ocrx_word' id='word_1_130' title='bbox 1062 2528 1185 2606; x_wconf 89' lang='lat' dir='ltr'><strong>quis</strong></span> <span class='ocrx_word' id='word_1_131' title='bbox 1220 2527 1357 2587; x_wconf 85' lang='lat' dir='ltr'><strong>haec</strong></span> <span class='ocrx_word' id='word_1_132' title='bbox 1398 2525 1689 2588; x_wconf 84' lang='lat' dir='ltr'><strong>attendens</strong></span> <span class='ocrx_word' id='word_1_133' title='bbox 1727 2549 1826 2587; x_wconf 90' lang='lat' dir='ltr'><strong>suo</strong></span> <span class='ocrx_word' id='word_1_134' title='bbox 1855 2530 1983 2607; x_wconf 85' lang='lat' dir='ltr'><strong>jure</strong></span> <span class='ocrx_word' id='word_1_135' title='bbox 2023 2539 2209 2589; x_wconf 86' lang='lat' dir='ltr'><strong>utatur</strong></span> <span class='ocrx_word' id='word_1_136' title='bbox 2249 2529 2310 2588; x_wconf 92' lang='lat' dir='ltr'><strong>in</strong></span> <span class='ocrx_word' id='word_1_137' title='bbox 2347 2529 2517 2588; x_wconf 86' lang='lat' dir='ltr'>simili</span> <span class='ocrx_word' id='word_1_138' title='bbox 2553 2530 2674 2589; x_wconf 90' lang='lat' dir='ltr'><strong>loco</strong></span> 
     </span>
     <span class='ocr_line' id='line_1_19' title="bbox 788 2638 2673 2722; baseline 0.002 -23"><span class='ocrx_word' id='word_1_139' title='bbox 788 2638 1203 2720; x_wconf 82' lang='lat' dir='ltr'><strong>interpretando</strong></span> <span class='ocrx_word' id='word_1_140' title='bbox 1215 2683 1233 2714; x_wconf 90' lang='lat'><strong>,</strong></span> <span class='ocrx_word' id='word_1_141' title='bbox 1275 2659 1588 2718; x_wconf 85' lang='lat' dir='ltr'><strong>moremque</strong></span> <span class='ocrx_word' id='word_1_142' title='bbox 1618 2646 1805 2720; x_wconf 71' lang='lat' dir='ltr'><strong>poetae</strong></span> <span class='ocrx_word' id='word_1_143' title='bbox 1835 2641 2108 2722; x_wconf 85' lang='lat' dir='ltr'><strong>cogitans,</strong></span> <span class='ocrx_word' id='word_1_144' title='bbox 2147 2643 2245 2721; x_wconf 86' lang='lat' dir='ltr'><strong>qui,</strong></span> <span class='ocrx_word' id='word_1_145' title='bbox 2269 2641 2546 2722; x_wconf 86' lang='lat' dir='ltr'><strong>quidquid</strong></span> <span class='ocrx_word' id='word_1_146' title='bbox 2565 2644 2673 2703; x_wconf 87' lang='lat' dir='ltr'><strong>sibi</strong></span> 
     </span>
     <span class='ocr_line' id='line_1_20' title="bbox 788 2752 2678 2832; baseline 0.001 -19"><span class='ocrx_word' id='word_1_147' title='bbox 788 2757 880 2813; x_wconf 80' lang='lat' dir='ltr'><strong>vel</strong></span> <span class='ocrx_word' id='word_1_148' title='bbox 921 2755 1057 2814; x_wconf 89' lang='lat' dir='ltr'><strong>boni</strong></span> <span class='ocrx_word' id='word_1_149' title='bbox 1096 2753 1190 2814; x_wconf 84' lang='lat' dir='ltr'><strong>vel</strong></span> <span class='ocrx_word' id='word_1_150' title='bbox 1229 2753 1361 2812; x_wconf 90' lang='lat' dir='ltr'><strong>mali</strong></span> <span class='ocrx_word' id='word_1_151' title='bbox 1392 2753 1692 2825; x_wconf 82' lang='lat' dir='ltr'><strong>evenisset,</strong></span> <span class='ocrx_word' id='word_1_152' title='bbox 1734 2752 1896 2812; x_wconf 88' lang='lat' dir='ltr'><strong>libris</strong></span> <span class='ocrx_word' id='word_1_153' title='bbox 1933 2767 2196 2832; x_wconf 79' lang='lat' dir='ltr'><strong>tanquam</strong></span> <span class='ocrx_word' id='word_1_154' title='bbox 2217 2753 2502 2815; x_wconf 82' lang='lat' dir='ltr'><strong>sodalibus</strong></span> <span class='ocrx_word' id='word_1_155' title='bbox 2515 2777 2678 2821; x_wconf 25' lang='lat' dir='ltr'><strong>&#39;man-</strong></span> 
     </span>
     <span class='ocr_line' id='line_1_21' title="bbox 789 2864 2677 2946; baseline 0.001 -22"><span class='ocrx_word' id='word_1_156' title='bbox 789 2867 920 2926; x_wconf 83' lang='lat' dir='ltr'><strong>dare</strong></span> <span class='ocrx_word' id='word_1_157' title='bbox 962 2867 1181 2940; x_wconf 82' lang='lat' dir='ltr'><strong>soleret,</strong></span> <span class='ocrx_word' id='word_1_158' title='bbox 1222 2865 1529 2946; x_wconf 85' lang='lat' dir='ltr'><strong>suspicetur</strong></span> <span class='ocrx_word' id='word_1_159' title='bbox 1559 2886 1684 2924; x_wconf 89' lang='lat' dir='ltr'><strong>eum</strong></span> <span class='ocrx_word' id='word_1_160' title='bbox 1715 2865 1960 2935; x_wconf 77' lang='lat' dir='ltr'><strong>finxisse,</strong></span> <span class='ocrx_word' id='word_1_161' title='bbox 2001 2865 2097 2944; x_wconf 89' lang='lat' dir='ltr'><strong>qui</strong></span> <span class='ocrx_word' id='word_1_162' title='bbox 2125 2864 2413 2946; x_wconf 87' lang='lat' dir='ltr'><strong>publicani</strong></span> <span class='ocrx_word' id='word_1_163' title='bbox 2433 2867 2646 2946; x_wconf 85' lang='lat' dir='ltr'><strong>negotia</strong></span> <span class='ocrx_word' id='word_1_164' title='bbox 2659 2908 2677 2939; x_wconf 91' lang='lat'><strong>,</strong></span> 
     </span>
     <span class='ocr_line' id='line_1_22' title="bbox 790 2976 2682 3060; baseline -0.002 -21"><span class='ocrx_word' id='word_1_165' title='bbox 790 3001 929 3060; x_wconf 89' lang='lat' dir='ltr'><strong>quae</strong></span> <span class='ocrx_word' id='word_1_166' title='bbox 976 2994 1116 3038; x_wconf 87' lang='lat' dir='ltr'><strong>recte</strong></span> <span class='ocrx_word' id='word_1_167' title='bbox 1168 2977 1386 3058; x_wconf 84' lang='lat' dir='ltr'><strong>fideque</strong></span> <span class='ocrx_word' id='word_1_168' title='bbox 1442 2977 1854 3036; x_wconf 82' lang='lat' dir='ltr'><strong>administranti</strong></span> <span class='ocrx_word' id='word_1_169' title='bbox 1912 2976 2019 3057; x_wconf 83' lang='lat' dir='ltr'><strong>ipsi</strong></span> <span class='ocrx_word' id='word_1_170' title='bbox 2085 2977 2323 3036; x_wconf 85' lang='lat' dir='ltr'><strong>multum</strong></span> <span class='ocrx_word' id='word_1_171' title='bbox 2384 2997 2682 3037; x_wconf 84' lang='lat' dir='ltr'><strong>aerumnae</strong></span> 
     </span>
     <span class='ocr_line' id='line_1_23' title="bbox 795 3087 2682 3173; baseline -0.002 -19"><span class='ocrx_word' id='word_1_172' title='bbox 795 3094 1152 3173; x_wconf 76' lang='lat' dir='ltr'><strong>invidiaeque</strong></span> <span class='ocrx_word' id='word_1_173' title='bbox 1193 3093 1550 3165; x_wconf 86' lang='lat' dir='ltr'><strong>conflassent,</strong></span> <span class='ocrx_word' id='word_1_174' title='bbox 1591 3089 1743 3150; x_wconf 86' lang='lat' dir='ltr'><strong>obire</strong></span> <span class='ocrx_word' id='word_1_175' title='bbox 1771 3110 1872 3170; x_wconf 83' lang='lat' dir='ltr'><strong>pro</strong></span> <span class='ocrx_word' id='word_1_176' title='bbox 1905 3090 2025 3170; x_wconf 86' lang='lat' dir='ltr'><strong>ipso</strong></span> <span class='ocrx_word' id='word_1_177' title='bbox 2055 3087 2181 3149; x_wconf 88' lang='lat' dir='ltr'><strong>ideo</strong></span> <span class='ocrx_word' id='word_1_178' title='bbox 2199 3103 2496 3164; x_wconf 72' lang='lat' dir='ltr'><strong>recusaret,</strong></span> <span class='ocrx_word' id='word_1_179' title='bbox 2527 3088 2682 3169; x_wconf 85' lang='lat' dir='ltr'><strong>quod</strong></span> 
     </span>
     <span class='ocr_line' id='line_1_24' title="bbox 796 3201 2682 3284; baseline -0.002 -18"><span class='ocrx_word' id='word_1_180' title='bbox 796 3209 969 3266; x_wconf 86' lang='lat' dir='ltr'><strong>animi</strong></span> <span class='ocrx_word' id='word_1_181' title='bbox 1011 3207 1265 3284; x_wconf 83' lang='lat' dir='ltr'><strong>vitaeque</strong></span> <span class='ocrx_word' id='word_1_182' title='bbox 1304 3203 1786 3283; x_wconf 78' lang='lat' dir='ltr'><strong>tranquillitatem,</strong></span> <span class='ocrx_word' id='word_1_183' title='bbox 1849 3202 1910 3260; x_wconf 89' lang='lat' dir='ltr'><strong>in</strong></span> <span class='ocrx_word' id='word_1_184' title='bbox 1947 3223 2058 3280; x_wconf 84' lang='lat' dir='ltr'><strong>quo</strong></span> <span class='ocrx_word' id='word_1_185' title='bbox 2097 3201 2205 3260; x_wconf 90' lang='lat' dir='ltr'><strong>sibi</strong></span> <span class='ocrx_word' id='word_1_186' title='bbox 2245 3215 2421 3260; x_wconf 85' lang='lat' dir='ltr'><strong>essent</strong></span> <span class='ocrx_word' id='word_1_187' title='bbox 2464 3203 2682 3272; x_wconf 85' lang='lat' dir='ltr'><strong>omnia,</strong></span> 
     </span>
     <span class='ocr_line' id='line_1_25' title="bbox 796 3313 2681 3396; baseline -0.004 -15"><span class='ocrx_word' id='word_1_188' title='bbox 796 3335 1006 3381; x_wconf 83' lang='lat' dir='ltr'><strong>mutare</strong></span> <span class='ocrx_word' id='word_1_189' title='bbox 1044 3319 1233 3379; x_wconf 86' lang='lat' dir='ltr'><strong>nollet.</strong></span> <span class='ocrx_word' id='word_1_190' title='bbox 1316 3318 1465 3375; x_wconf 83' lang='lat' dir='ltr'><strong>Haec</strong></span> <span class='ocrx_word' id='word_1_191' title='bbox 1496 3315 1625 3375; x_wconf 86' lang='lat' dir='ltr'><strong>satis</strong></span> <span class='ocrx_word' id='word_1_192' title='bbox 1663 3313 2008 3396; x_wconf 89' lang='lat' dir='ltr'><strong>probabilem</strong></span> <span class='ocrx_word' id='word_1_193' title='bbox 2045 3315 2370 3373; x_wconf 85' lang='lat' dir='ltr'><strong>sententiam</strong></span> <span class='ocrx_word' id='word_1_194' title='bbox 2412 3313 2681 3373; x_wconf 85' lang='lat' dir='ltr'><strong>efficiunt.</strong></span> 
     </span>
     <span class='ocr_line' id='line_1_26' title="bbox 798 3407 2686 3509; baseline -0.004 -16"><span class='ocrx_word' id='word_1_195' title='bbox 798 3433 1079 3493; x_wconf 84' lang='lat' dir='ltr'><strong>Eximiam</strong></span> <span class='ocrx_word' id='word_1_196' title='bbox 1136 3407 1361 3508; x_wconf 86' lang='lat' dir='ltr'><strong>quidem</strong></span> <span class='ocrx_word' id='word_1_197' title='bbox 1400 3429 1638 3509; x_wconf 85' lang='lat' dir='ltr'><strong>speciem</strong></span> <span class='ocrx_word' id='word_1_198' title='bbox 1678 3440 1773 3486; x_wconf 91' lang='lat' dir='ltr'><strong>tua</strong></span> <span class='ocrx_word' id='word_1_199' title='bbox 1813 3427 2106 3507; x_wconf 83' lang='lat' dir='ltr'><strong>explicatio</strong></span> <span class='ocrx_word' id='word_1_200' title='bbox 2144 3426 2337 3500; x_wconf 86' lang='lat' dir='ltr'><strong>habet,</strong></span> <span class='ocrx_word' id='word_1_201' title='bbox 2399 3428 2570 3487; x_wconf 87' lang='lat' dir='ltr'><strong>Persii</strong></span> <span class='ocrx_word' id='word_1_202' title='bbox 2606 3427 2686 3485; x_wconf 91' lang='lat' dir='ltr'><strong>il-</strong></span> 
     </span>
     <span class='ocr_line' id='line_1_27' title="bbox 801 3539 2686 3614; baseline -0.003 -10"><span class='ocrx_word' id='word_1_203' title='bbox 801 3544 931 3604; x_wconf 86' lang='lat' dir='ltr'><strong>lud:</strong></span> <span class='ocrx_word' id='word_1_204' title='bbox 974 3547 1074 3602; x_wconf 75' lang='lat' dir='ltr'><strong>hoe</strong></span> <span class='ocrx_word' id='word_1_205' title='bbox 1114 3544 1307 3601; x_wconf 75' lang='lat' dir='ltr'><strong>m’dere</strong></span> <span class='ocrx_word' id='word_1_206' title='bbox 1342 3563 1562 3610; x_wconf 81' lang='lat' dir='ltr'><strong>meum,</strong></span> <span class='ocrx_word' id='word_1_207' title='bbox 1603 3550 1729 3598; x_wconf 83' lang='lat' dir='ltr'><strong>tam</strong></span> <span class='ocrx_word' id='word_1_208' title='bbox 1769 3541 1860 3598; x_wconf 81' lang='lat' dir='ltr'><strong>nil</strong></span> <span class='ocrx_word' id='word_1_209' title='bbox 1865 3583 1884 3614; x_wconf 87' lang='lat'><strong>,</strong></span> <span class='ocrx_word' id='word_1_210' title='bbox 1937 3541 2105 3598; x_wconf 82' lang='lat' dir='ltr'><strong>nulla</strong></span> <span class='ocrx_word' id='word_1_211' title='bbox 2141 3542 2248 3598; x_wconf 77' lang='lat' dir='ltr'><strong>tibi</strong></span> <span class='ocrx_word' id='word_1_212' title='bbox 2285 3541 2458 3598; x_wconf 79' lang='lat' dir='ltr'><strong>vendo</strong></span> <span class='ocrx_word' id='word_1_213' title='bbox 2494 3539 2686 3598; x_wconf 79' lang='lat' dir='ltr'><strong>Iliade</strong></span> 
     </span>
     <span class='ocr_line' id='line_1_28' title="bbox 802 3650 2688 3734; baseline -0.002 -18"><span class='ocrx_word' id='word_1_214' title='bbox 802 3679 932 3717; x_wconf 86' lang='lat' dir='ltr'><strong>eum</strong></span> <span class='ocrx_word' id='word_1_215' title='bbox 989 3655 1293 3715; x_wconf 82' lang='lat' dir='ltr'><strong>Lucilianis</strong></span> <span class='ocrx_word' id='word_1_216' title='bbox 1332 3654 1698 3734; x_wconf 84' lang='lat' dir='ltr'><strong>comparantis</strong></span> <span class='ocrx_word' id='word_1_217' title='bbox 1707 3662 1826 3726; x_wconf 59' lang='lat' dir='ltr'><strong>sut</strong></span> <span class='ocrx_word' id='word_1_218' title='bbox 1867 3652 2116 3711; x_wconf 88' lang='lat' dir='ltr'><strong>similiter</strong></span> <span class='ocrx_word' id='word_1_219' title='bbox 2154 3651 2304 3710; x_wconf 89' lang='lat' dir='ltr'><strong>hunc</strong></span> <span class='ocrx_word' id='word_1_220' title='bbox 2342 3650 2550 3711; x_wconf 86' lang='lat' dir='ltr'><strong>dixisse</strong></span> <span class='ocrx_word' id='word_1_221' title='bbox 2580 3673 2688 3733; x_wconf 87' lang='lat' dir='ltr'><strong>pa—</strong></span> 
     </span>
     <span class='ocr_line' id='line_1_29' title="bbox 801 3763 2687 3847; baseline -0.004 -17"><span class='ocrx_word' id='word_1_222' title='bbox 801 3783 964 3840; x_wconf 87' lang='lat' dir='ltr'><strong>teret,</strong></span> <span class='ocrx_word' id='word_1_223' title='bbox 1006 3769 1155 3828; x_wconf 87' lang='lat' dir='ltr'><strong>nolle</strong></span> <span class='ocrx_word' id='word_1_224' title='bbox 1188 3789 1244 3826; x_wconf 85' lang='lat' dir='ltr'><strong>se</strong></span> <span class='ocrx_word' id='word_1_225' title='bbox 1283 3765 1648 3847; x_wconf 85' lang='lat' dir='ltr'><strong>publicanum</strong></span> <span class='ocrx_word' id='word_1_226' title='bbox 1686 3765 1805 3823; x_wconf 86' lang='lat' dir='ltr'><strong>fieri</strong></span> <span class='ocrx_word' id='word_1_227' title='bbox 1837 3764 1932 3843; x_wconf 90' lang='lat' dir='ltr'><strong>qui</strong></span> <span class='ocrx_word' id='word_1_228' title='bbox 1962 3763 2210 3823; x_wconf 86' lang='lat' dir='ltr'><strong>Lucilius</strong></span> <span class='ocrx_word' id='word_1_229' title='bbox 2231 3777 2394 3838; x_wconf 84' lang='lat' dir='ltr'><strong>esset,</strong></span> <span class='ocrx_word' id='word_1_230' title='bbox 2425 3783 2528 3822; x_wconf 81' lang='lat' dir='ltr'><strong>nec</strong></span> <span class='ocrx_word' id='word_1_231' title='bbox 2547 3785 2687 3846; x_wconf 86' lang='lat' dir='ltr'><strong>nego</strong></span> 
     </span>
     <span class='ocr_line' id='line_1_30' title="bbox 803 3877 2690 3966; baseline -0.006 -23"><span class='ocrx_word' id='word_1_232' title='bbox 803 3884 932 3966; x_wconf 88' lang='lat' dir='ltr'><strong>plus</strong></span> <span class='ocrx_word' id='word_1_233' title='bbox 989 3881 1269 3965; x_wconf 83' lang='lat' dir='ltr'><strong>gravitatis</strong></span> <span class='ocrx_word' id='word_1_234' title='bbox 1326 3879 1508 3938; x_wconf 88' lang='lat' dir='ltr'><strong>locum</strong></span> <span class='ocrx_word' id='word_1_235' title='bbox 1547 3877 1897 3950; x_wconf 84' lang='lat' dir='ltr'><strong>habiturum3</strong></span> <span class='ocrx_word' id='word_1_236' title='bbox 1942 3897 2134 3937; x_wconf 80' lang='lat' dir='ltr'><strong>verum</strong></span> <span class='ocrx_word' id='word_1_237' title='bbox 2171 3877 2246 3935; x_wconf 87' lang='lat' dir='ltr'><strong>ita</strong></span> <span class='ocrx_word' id='word_1_238' title='bbox 2275 3897 2462 3958; x_wconf 80' lang='lat' dir='ltr'><strong>reapse</strong></span> <span class='ocrx_word' id='word_1_239' title='bbox 2491 3897 2605 3936; x_wconf 85' lang='lat' dir='ltr'><strong>esse</strong></span> <span class='ocrx_word' id='word_1_240' title='bbox 2635 3887 2690 3934; x_wconf 91' lang='lat' dir='ltr'><strong>et</strong></span> 
     </span>
     <span class='ocr_line' id='line_1_31' title="bbox 805 3988 2691 4078; baseline -0.005 -22"><span class='ocrx_word' id='word_1_241' title='bbox 805 4009 1074 4078; x_wconf 85' lang='lat' dir='ltr'><strong>nugatum</strong></span> <span class='ocrx_word' id='word_1_242' title='bbox 1116 4015 1209 4052; x_wconf 81' lang='lat' dir='ltr'><strong>me</strong></span> <span class='ocrx_word' id='word_1_243' title='bbox 1240 4013 1382 4066; x_wconf 86' lang='lat' dir='ltr'><strong>esse,</strong></span> <span class='ocrx_word' id='word_1_244' title='bbox 1452 3990 1548 4070; x_wconf 89' lang='lat' dir='ltr'><strong>qui</strong></span> <span class='ocrx_word' id='word_1_245' title='bbox 1591 3989 1755 4048; x_wconf 88' lang='lat' dir='ltr'><strong>aliam</strong></span> <span class='ocrx_word' id='word_1_246' title='bbox 1793 4009 1970 4067; x_wconf 86' lang='lat' dir='ltr'><strong>neque</strong></span> <span class='ocrx_word' id='word_1_247' title='bbox 2011 3988 2248 4048; x_wconf 85' lang='lat' dir='ltr'><strong>alienam</strong></span> <span class='ocrx_word' id='word_1_248' title='bbox 2286 3988 2535 4050; x_wconf 81' lang='lat' dir='ltr'><strong>versibus</strong></span> <span class='ocrx_word' id='word_1_249' title='bbox 2574 3991 2691 4070; x_wconf 88' lang='lat' dir='ltr'><strong>sig-</strong></span> 
     </span>
     <span class='ocr_line' id='line_1_32' title="bbox 806 4099 2690 4182; baseline -0.004 -13"><span class='ocrx_word' id='word_1_250' title='bbox 806 4110 1181 4168; x_wconf 87' lang='lat' dir='ltr'><strong>nificationem</strong></span> <span class='ocrx_word' id='word_1_251' title='bbox 1217 4103 1535 4177; x_wconf 84' lang='lat' dir='ltr'><strong>tribuerim,</strong></span> <span class='ocrx_word' id='word_1_252' title='bbox 1577 4102 1735 4161; x_wconf 83' lang='lat' dir='ltr'><strong>nullo</strong></span> <span class='ocrx_word' id='word_1_253' title='bbox 1774 4099 1938 4161; x_wconf 84' lang='lat' dir='ltr'>modo</span> <span class='ocrx_word' id='word_1_254' title='bbox 1975 4113 2185 4161; x_wconf 87' lang='lat' dir='ltr'><strong>constat</strong></span> <span class='ocrx_word' id='word_1_255' title='bbox 2223 4122 2324 4161; x_wconf 89' lang='lat' dir='ltr'><strong>nec</strong></span> <span class='ocrx_word' id='word_1_256' title='bbox 2359 4102 2515 4182; x_wconf 87' lang='lat' dir='ltr'><strong>prius</strong></span> <span class='ocrx_word' id='word_1_257' title='bbox 2552 4123 2690 4161; x_wconf 89' lang='lat' dir='ltr'><strong>con-</strong></span> 
     </span>
     <span class='ocr_line' id='line_1_33' title="bbox 806 4212 2694 4298; baseline -0.004 -17"><span class='ocrx_word' id='word_1_258' title='bbox 806 4221 975 4282; x_wconf 85' lang='lat' dir='ltr'><strong>stabit</strong></span> <span class='ocrx_word' id='word_1_259' title='bbox 986 4263 1001 4291; x_wconf 92' lang='lat'><strong>,</strong></span> <span class='ocrx_word' id='word_1_260' title='bbox 1014 4240 1196 4298; x_wconf 79' lang='lat' dir='ltr'><strong>quam·</strong></span> <span class='ocrx_word' id='word_1_261' title='bbox 1210 4217 1628 4298; x_wconf 71' lang='lat' dir='ltr'><strong>cognoveri-mus</strong></span> <span class='ocrx_word' id='word_1_262' title='bbox 1637 4259 1654 4289; x_wconf 94' lang='lat'><strong>,</strong></span> <span class='ocrx_word' id='word_1_263' title='bbox 1676 4235 1837 4294; x_wconf 85' lang='lat' dir='ltr'><strong>quem</strong></span> <span class='ocrx_word' id='word_1_264' title='bbox 1857 4212 1931 4274; x_wconf 84' lang='lat' dir='ltr'><strong>acl</strong></span> <span class='ocrx_word' id='word_1_265' title='bbox 1949 4213 2324 4274; x_wconf 76' lang='lat' dir='ltr'><strong>modum-eum</strong></span> <span class='ocrx_word' id='word_1_266' title='bbox 2343 4216 2531 4274; x_wconf 78' lang='lat' dir='ltr'><strong>ceteris</strong></span> <span class='ocrx_word' id='word_1_267' title='bbox 2552 4216 2694 4294; x_wconf 80' lang='lat' dir='ltr'><strong>frag·</strong></span> 
     </span>
    </p>
   </div>
  </div>
 </body>
</html>
