3075 5392
1687 600 1764 658 46

781 805 904 883 quis
923 804 1076 866 illam
1097 803 1356 866 disertam
1377 807 1651 866 variarum
1672 809 1921 868 tribuum
1942 813 2521 886 commemorationem,
2542 815 2655 874 sin-

778 917 1138 999 gularumque
1166 921 1368 999 passim
1387 921 1849 982 enumerationem
1864 967 1881 995 ‚
1900 943 2065 1002 quam
2084 923 2397 983 scholiastes
2416 925 2656 997 indicat,

775 1001 1022 1092 conferat
1055 1053 1182 1092 cum
1213 1031 1504 1112 Eupolidis
1537 1033 1729 1096 fabula
1762 1039 1991 1110 Δήμοις.
2076 1036 2159 1095 Ea
2199 1033 2262 1096 id
2296 1039 2465 1118 egisse
2502 1039 2655 1098 visus

775 1157 859 1203 est
896 1144 1126 1224 Eupolis
1144 1189 1162 1216 ,
1215 1157 1278 1204 ut
1313 1145 1461 1205 cives
1502 1166 1629 1204 suos
1666 1145 1741 1206 ad
1780 1148 2059 1208 meliorem
2098 1148 2432 1229 reipublicae
2468 1149 2655 1211 admi-

775 1255 1093 1318 nistrandae
1151 1257 1416 1318 rationem
1471 1258 1863 1318 exhortaretur.
1968 1262 2175 1320 Verum
2196 1307 2213 1336 ‚
2292 1283 2651 1342 quaecunque

774 1369 1090 1442 Runkel,
1149 1371 1398 1451 Raspe,
1447 1370 1518 1430 G.
1560 1371 1917 1431 Hermann
1972 1387 2027 1432 et
2072 1374 2402 1434 Meineke
2432 1375 2505 1435 de
2541 1377 2651 1435 hu-

768 1485 863 1562 jus
902 1481 1212 1542 comoediae
1247 1483 1458 1542 ratione
1495 1482 1851 1564 disputarunt
1872 1530 1887 1558 ‚
1950 1507 2065 1545 non
2114 1507 2246 1546 sane
2285 1488 2526 1556 faciunt,
2590 1504 2649 1549 ut

773 1600 953 1660 ullum
1013 1597 1328 1658 imitationis
1379 1599 1671 1678 vestigium
1730 1597 2137 1679 deprehendere
2175 1603 2363 1681 possis.
2449 1603 2649 1662 Existi-

775 1725 928 1772 mant
963 1713 1112 1772 enim
1134 1757 1149 1784 ‚
1171 1735 1202 1771 a
1240 1712 1405 1771 choro
1445 1720 1557 1774 τῶν
1590 1714 1769 1786 δήμων
1806 1711 2027 1772 titulum
2068 1725 2307 1773 sumtum
2342 1735 2455 1774 esse
2474 1761 2490 1788 ,
2532 1717 2647 1794 qui,

770 1826 888 1887 sive
925 1847 1126 1886 sonum
1163 1825 1424 1906 gravitate
1460 1825 1685 1905 spectati
1702 1868 1719 1899 ,
1758 1823 1910 1904 quod
1951 1827 2271 1886 Hermanno
2306 1849 2524 1908 opuscc.
2564 1831 2647 1901 V,

769 1961 826 2021 p.
866 1937 988 1998 294
1006 1982 1024 2013 ,
1062 1938 1182 1998 sive
1219 1940 1384 1996 virili
1419 1950 1617 2011 aetate,
1658 1937 1812 2016 quod
1849 1938 2133 1998 Meinekio
2174 1939 2395 2002 videtur
2430 1943 2647 2022 placere

769 2053 895 2112 hist.
933 2053 1053 2112 crit.
1093 2053 1245 2110 Com.
1285 2051 1384 2111 Gr.
1415 2052 1504 2127 ΙΙ,
1544 2073 1601 2132 p.
1632 2051 1780 2126 466,
1820 2053 2075 2112 affuerint
2112 2055 2175 2113 in
2215 2075 2403 2129 scena,
2444 2077 2644 2134 quum,

767 2179 1030 2227 evocante
1065 2165 1373 2238 Mercurio,
1431 2185 1504 2224 ex
1556 2185 1681 2225 orco
1737 2165 2035 2246 prodibant
2070 2166 2237 2226 Solon
2251 2213 2265 2239 ‚
2326 2167 2606 2228 Miltiades
2624 2213 2643 2242 ,

767 2278 1034 2340 Aristides
1090 2291 1144 2338 et
1180 2277 1428 2337 Pericles.
1532 2279 1685 2352 Quae
1732 2279 1874 2338 ratio
1892 2321 1907 2348 ‚
1966 2280 2065 2339 etsi
2114 2281 2429 2362 fragmentis
2478 2279 2642 2342 valde

765 2405 1128 2452 consentanea
1166 2411 1277 2450 esse
1313 2387 1536 2450 videtur
1576 2401 1631 2448 et
1670 2411 1945 2450 assensum
1984 2391 2109 2451 tulit
2146 2393 2209 2452 C.
2248 2395 2314 2454 Ο.
2343 2394 2639 2454 Miilleri

775 2505 998 2587 (Geso-h.
1019 2505 1074 2562 d.
1103 2504 1205 2562 Gr.
1230 2503 1350 2563 Lit.
1371 2503 1455 2576 II,
1493 2524 1551 2584 p.
1570 2501 1741 2584 258),
1760 2504 1897 2563 falso
1917 2503 2269 2586 Myronidem
2300 2521 2638 2567 evocatorem

765 2617 1086 2678 umbrarum
1105 2616 1375 2699 putantis,
1397 2629 1579 2674 tamen
1602 2617 1805 2676 mirum
1824 2629 1905 2675 est
1922 2617 2195 2696 quomodo
2212 2619 2431 2700 probari
2451 2634 2639 2701 potue·

762 2734 836 2792 rit
874 2753 988 2792 rem
1023 2743 1270 2790 accurate
1301 2727 1785 2811 perpendentibus·
1868 2731 2092 2790 Constat
2130 2731 2296 2805 enim,
2336 2733 2639 2794 comoedia·

761 2867 886 2908 rum
939 2844 1142 2925 viginti
1183 2854 1414 2922 quatuor
1467 2842 1751 2901 choreutas
1804 2843 2007 2919 fuisse;
2068 2845 2165 2923 qui
2224 2867 2485 2906 numerus
2534 2869 2636 2906 nec

759 2959 1050 3022 fluctuavit
1081 2969 1283 3038 postea,
1301 2969 1356 3014 et
1374 2975 1504 3016 vero
1523 2954 1753 3014 docente
1773 2955 1991 3016 fabulas
2011 2956 2286 3038 Eupolide
2300 2960 2417 3038 jam
2436 2962 2637 3022 consti·

758 3085 940 3134 tutum
957 3071 1125 3131 fuisse
1153 3069 1359 3129 censeri
1379 3068 1559 3128 debet.
1601 3069 1790 3148 Itaque
1828 3069 1985 3128 nullo
2018 3069 2183 3129 modo
2214 3073 2412 3132 chorus
2445 3075 2635 3148 Σίμοις

757 3186 1016 3267 componi
1045 3184 1224 3266 potuit
1237 3227 1253 3254 ,
1273 3184 1369 3262 qui
1389 3195 1611 3242 centum
1632 3195 1687 3241 et
1700 3181 2047 3263 septuaginta
2068 3195 2303 3261 quatuor
2320 3184 2471 3244 fuere
2480 3209 2497 3261 ;
2539 3207 2635 3266 pa-

756 3321 882 3358 rum
919 3311 1102 3358 autem
1149 3295 1447 3358 verisimile
1483 3310 1594 3367 est,
1652 3317 1723 3355 ex
1759 3295 1848 3355 his
1883 3297 2075 3370 δήμοις
2114 3296 2439 3358 clarissimos
2476 3319 2635 3378 quos·

755 3433 864 3492 que
900 3410 976 3471 ad
1012 3411 1214 3494 viginti
1255 3424 1490 3490 quatuor
1544 3429 1836 3468 numerum
1881 3409 1945 3466 in
1982 3429 2338 3490 personarum
2380 3409 2633 3471 habitum

753 3523 1000 3584 redactos
1055 3543 1186 3583 esse.
1284 3521 1589 3582 Audiamus
1610 3566 1627 3595 ‚
1684 3523 1823 3602 quid
1889 3527 2069 3604 Raspe
2126 3525 2373 3583 statuerit
2422 3545 2479 3606 p.
2528 3525 2631 3583 14:

755 3659 788 3695 α
807 3637 1076 3718 Intelligis
1115 3655 1281 3717 quam
1317 3657 1447 3698 vera
1483 3637 1563 3695 sit·
1592 3637 1882 3698 Suevernii
1932 3637 2097 3719 (iiber
2132 3637 2433 3715 Aristoph.
2479 3638 2631 3695 Wol-

753 3749 888 3831 Iaen)
943 3750 1281 3829 aliorumque
1327 3749 1595 3808 sententia
1614 3793 1633 3823 ‚
1690 3751 1789 3829 qui
1826 3751 2052 3809 chorum
2090 3750 2395 3810 constitisse
2432 3749 2633 3810 dicunt

751 3884 826 3923 ex
862 3863 1047 3922 Demis
1065 3909 1082 3938 ,
1143 3861 1214 3922 de
1261 3883 1370 3942 qua
1425 3883 1486 3920 re
1534 3883 1633 3943 ego
1690 3861 1859 3942 plane
1916 3883 2031 3921 non
2080 3861 2307 3934 dubito,
2368 3885 2480 3923 non
2518 3885 2629 3943 quo

751 3997 842 4038 eos
879 3998 1100 4056 sequar,
1159 3975 1258 4056 qui
1293 3995 1510 4056 semper
1546 3975 1765 4035 fabulas
1797 3997 1999 4035 nomen
2041 3976 2315 4037 invenisse
2356 3977 2629 4036 arbitran-

749 4103 842 4151 tur
879 4113 911 4150 a
949 4091 1118 4150 choro
1134 4134 1152 4166 ,
1185 4123 1268 4136 --·
1327 4088 1426 4148 sed
1483 4089 1746 4169 quoniam
1782 4089 1845 4147 in
1882 4111 1943 4148 ea
1984 4089 2202 4163 fabula,
2260 4088 2321 4148 in
2362 4109 2471 4168 qua
2510 4111 2627 4170 age·

750 4207 914 4265 batur
968 4203 1066 4265 de·
1095 4211 1396 4264 universae
1441 4202 1783 4284 reipublicae
1820 4203 2016 4264 misero
2053 4215 2196 4262 statu
2232 4201 2585 4263 eniendando
2607 4251 2623 4278 ‚

751 4320 947 4380 chorus
986 4321 1304 4392 exssnimce
1347 4317 1605 4398 componi
1659 4336 1773 4375 non
1826 4315 1999 4376 solum
2049 4315 2257 4395 potuit,
2318 4314 2415 4376 sed
2450 4337 2627 4398 paene
