3075 5392
1416 587 1452 642 5

484 783 908 866 explicarentur.
970 783 1086 842 Hoc
1129 782 1309 862 ipsum
1347 781 1593 843 indicavi
1624 805 1679 863 p.
1714 781 1861 842 263:
1895 783 2089 841 Plura
2122 785 2361 842 diomede

487 898 667 954 habui
685 941 698 968 ‚
741 917 916 974 quam
955 918 1042 953 me
1081 897 1420 955 habiturum
1458 918 1574 955 esee
1613 906 1739 954 tum
1782 899 2105 956 dieitmbam
2126 943 2139 970 ,
2184 921 2359 976 quum

484 1016 846 1088 praefatione
904 1011 1132 1067 aditum
1191 1011 1269 1067 ad
1315 1011 1467 1068 hune
1519 1011 1732 1068 librum
1776 1013 2108 1088 aperiebam.
2192 1013 2363 1094 Spec-

488 1133 608 1178 tant
645 1140 737 1193 eo,
778 1139 917 1199 quae
937 1117 1008 1178 de
1044 1118 1162 1200 lege
1201 1119 1407 1178 Thoria
1445 1142 1500 1202 p.
1545 1118 1625 1178 49
1663 1141 1797 1200 sqq„
1838 1120 1907 1180 de
1926 1143 2139 1181 morum
2162 1124 2365 1183 Lucilii

489 1246 660 1292 aetate
699 1231 1015 1292 conditione
1055 1235 1257 1292 Romae
1297 1253 1353 1314 p.
1393 1231 1474 1292 70
1504 1255 1648 1312 sqq.,
1690 1233 1796 1293 alia
1815 1235 2044 1315 passim,
2074 1234 2369 1316 disputavi.

491 1345 658 1420 Quod
697 1359 874 1404 autem
919 1357 1240 1404 extremum
1279 1360 1445 1428 caput
1482 1368 1538 1428 p.
1588 1347 1703 1406 149
1742 1350 2076 1422 memoravi,
2126 1371 2297 1428 quum
2340 1373 2370 1410 e

490 1456 750 1517 tredecim
791 1471 1005 1516 sextum
1043 1470 1178 1516 esset
1196 1502 1214 1532 ,
1255 1459 1356 1516 feci
1372 1503 1390 1532 ,
1431 1461 1563 1538 quia
1602 1478 1665 1517 eo
1706 1458 2135 1520 absolvebantur
2172 1483 2370 1540 quaes—

493 1567 694 1639 tiones,
735 1586 870 1644 quas
913 1566 1165 1624 universe
1205 1585 1422 1624 movere
1462 1578 1589 1624 ante
1628 1564 1879 1646 placebat
1910 1588 2074 1645 quam
2108 1567 2177 1626 de
2210 1589 2373 1649 opere

493 1675 708 1734 satirico
747 1674 1094 1756 peculiariter
1143 1695 1370 1755 agerem.
1452 1676 1565 1733 Nec
1603 1695 1793 1735 vereor
1832 1696 1901 1733 ne
1940 1676 2137 1754 cuique
2190 1677 2375 1735 mani-

494 1787 691 1844 festum
729 1787 826 1859 sit,
866 1785 1049 1847 verbis
1085 1785 1471 1867 praefationis:
1503 1786 1835 1862 perieulum
1860 1791 2187 1862 jacie-mue,
2233 1809 2372 1844 num

495 1906 644 1956 certi
685 1899 825 1976 quid
862 1899 928 1956 de
969 1905 1096 1974 effus
1119 1899 1424 1972 facultate
1453 1903 1683 1974 poetica
1734 1903 2159 1974 ceterisque,
2231 1919 2377 1974 quae

496 2011 573 2067 ad
603 2015 730 2086 ejus
762 2015 958 2086 poesin
993 2015 1254 2086 proxime
1289 2015 1615 2086 pertinent,
1655 2029 1843 2088 reapse
1860 2007 2256 2088 comprehendi
2278 2030 2340 2068 ea
2361 2054 2377 2082 ,

497 2141 634 2198 quae
693 2117 762 2178 de
821 2119 999 2200 operis
1059 2127 1421 2198 arqumentz'e
1442 2163 1456 2190 ,
1509 2127 1771 2196 personis
1788 2163 1807 2192 ,
1860 2121 2061 2178 habitu
2112 2118 2373 2202 deinceps

499 2228 820 2309 disquisivi5
883 2250 1022 2309 quae
1073 2229 1120 2289 si
1161 2229 1286 2308 quis
1326 2242 1484 2310 neget
1525 2251 1653 2289 cum
1684 2239 1846 2308 poe‘si
1884 2231 2173 2291 Luciliana
2210 2231 2381 2311 quid-

498 2363 662 2421 quam
719 2361 1008 2400 commune
1047 2340 1247 2400 hahere
1269 2387 1284 2413 ‚
1323 2353 1418 2400 aut
1457 2362 1575 2400 non
1613 2343 1865 2422 proxime
1903 2345 2198 2420 conjuncta
2239 2364 2382 2419 esse,

501 2469 670 2516 errat:
733 2477 862 2516 nam
913 2453 1126 2514 Lucilii
1167 2475 1384 2526 vers11S,
1446 2475 1581 2533 quos
1620 2475 1675 2534 p.
1718 2453 1839 2515 309
1879 2453 2171 2536 descripsi,
2231 2475 2384 2514 secus

505 2589 617 2627 esse
658 2566 875 2626 docent.
916 2566 1110 2644 Itaque
1154 2565 1409 2624 universe
1449 2585 1512 2622 ac
1554 2565 1891 2643 conjunctim
1929 2564 2387 2645 comprehendere

505 2679 689 2743 verbis
729 2679 842 2739 illis
882 2677 1236 2760 praefationis
1289 2677 1418 2734 satis
1469 2675 1671 2748 habui,
1732 2683 1870 2754 quae
1922 2677 2077 2734 varia
2126 2675 2387 2756 deinceps

504 2791 820 2872 singulatim
861 2789 1206 2871 expositurus
1246 2807 1408 2847 eram.
1492 2785 1702 2862 Quodsi
1750 2809 1845 2846 sex
1889 2787 2086 2868 primis·
2116 2787 2403 2869 capitibus·

503 2903 709 2982 priores
774 2897 906 2957 libri
947 2897 1053 2956 mei
1093 2897 1232 2955 fines
1272 2897 1666 2972 constitissent,
1706 2919 1935 2976 quaero,
1976 2899 2075 2976 qui
2116 2897 2236 2957 fieri
2280 2920 2385 2979 po·-

505 3015 694 3086 tuerit,
747 3025 806 3072 ut
855 3012 1190 3093 praefatione
1229 3009 1341 3070 duo
1382 3023 1651 3091 postrema
1692 3013 1867 3092 capita
1910 3011 2106 3070 diserte
2161 3011 2385 3071 indica-

505 3137 709 3185 rentur.

588 3235 754 3292 Porro
795 3253 948 3312 aegre
989 3229 1095 3289 fers
1109 3275 1127 3304 ,
1187 3230 1352 3310 capiti
1397 3231 1625 3312 septimo
1666 3229 1990 3310 duobusque
2030 3233 2385 3311 sequentibus

509 3342 794 3402 succedere
834 3341 1136 3401 decimum:
1191 3341 1348 3421 prius
1387 3341 1537 3399 enim
1578 3342 1763 3419 quaeri
1803 3341 2101 3420 oportuisse
2141 3339 2213 3400 de
2260 3363 2385 3422 ope-

508 3455 585 3514 ris
633 3453 826 3512 habitu
886 3451 1068 3524 vario,
1127 3471 1294 3530 quam
1335 3469 1518 3509 sermo
1567 3462 1703 3508 esset
1740 3447 1811 3508 de
1850 3451 2089 3509 materia.
2172 3448 2283 3508 Sed
2322 3463 2385 3510 tu

507 3565 664 3639 vide,
721 3585 920 3645 quaeso
931 3609 948 3639 ,
1021 3586 1090 3622 ne
1142 3562 1591 3642 disquisitionum
1646 3559 1782 3621 ordo
1838 3575 1983 3621 recte
2037 3585 2093 3622 se
2152 3561 2350 3622 habeat
2367 3609 2385 3638 ,

509 3675 764 3758 quodque
817 3676 1068 3736 consulto
1119 3675 1254 3748 feci,
1295 3687 1358 3733 ut
1394 3675 1579 3732 omnia
1620 3673 1893 3756 analytice
1951 3676 2387 3758 explicarentur,

507 3785 859 3870 probandum
911 3785 1001 3844 sit.
1082 3783 1229 3844 Mihi
1287 3783 1439 3842 enim
1477 3803 1510 3842 a
1550 3804 1611 3842 re
1650 3783 1859 3843 notiore
1899 3797 1952 3842 et
1991 3784 2285 3845 illustriore
2313 3785 2387 3845 ad

509 3897 878 3959 obscuriorem
917 3895 1195 3976 magisque
1235 3894 1548 3976 ambiguam
1586 3893 1841 3976 progredi
1861 3896 2039 3955 visum
2060 3910 2163 3956 est:
2206 3897 2387 3976 itaque

508 4031 544 4072 a
581 4012 802 4071 materia
838 4008 914 4068 ad
953 4009 1190 4068 formam
1209 4053 1228 4084 ,
1269 4030 1384 4068 non
1424 4030 1455 4067 a
1493 4008 1669 4067 forma
1708 4007 1783 4067 ad
1822 4011 2104 4070 materiam
2130 4013 2384 4092 processi.

506 4121 622 4182 Nec
658 4141 788 4184 sane
825 4118 1059 4201 perinde
1096 4119 1192 4179 hic
1230 4119 1338 4179 feci
1377 4139 1444 4178 ac
1458 4118 1636 4179 facere
1674 4119 1819 4179 soleo
1834 4163 1851 4192 ‚
1896 4122 2105 4200 quoties
2142 4124 2387 4206 peregri·-

509 4251 640 4292 nam
676 4228 892 4300 urbem,
928 4227 1018 4291 vel
1055 4226 1222 4310 prisci
1261 4226 1382 4290 aevi
1419 4225 1679 4288 memoria
1688 4270 1707 4303 ,
1749 4227 1839 4289 vel
1858 4229 2171 4290 recentioris
2202 4234 2388 4293 aetatis
