<?xml version="1.0" encoding="UTF-8"?>
<!DOCTYPE html PUBLIC "-//W3C//DTD XHTML 1.0 Transitional//EN"
    "http://www.w3.org/TR/xhtml1/DTD/xhtml1-transitional.dtd">
<html xmlns="http://www.w3.org/1999/xhtml" xml:lang="en" lang="en">
 <head>
  <title>
</title>
<meta http-equiv="Content-Type" content="text/html;charset=utf-8" />
  <meta name='ocr-system' content='tesseract 3.04.00' />
  <meta name='ocr-capabilities' content='ocr_page ocr_carea ocr_par ocr_line ocrx_word'/>
</head>
<body>
  <div class='ocr_page' id='page_1' title='image "./epistolaadcarfr00hermgoog_0049.png"; bbox 0 0 3075 5392; ppageno 0'>
   <div class='ocr_carea' id='block_1_1' title="bbox 1261 617 1332 675">
    <p class='ocr_par' dir='ltr' id='par_1_1' title="bbox 1261 617 1332 675">
     <span class='ocr_line' id='line_1_1' title="bbox 1261 617 1332 675; baseline -0.014 0"><span class='ocrx_word' id='word_1_1' title='bbox 1261 617 1332 675; x_wconf 80' lang='lat'><strong>41</strong></span> 
     </span>
    </p>
   </div>
   <div class='ocr_carea' id='block_1_2' title="bbox 347 807 2241 4062">
    <p class='ocr_par' dir='ltr' id='par_1_2' title="bbox 347 807 2241 4062">
     <span class='ocr_line' id='line_1_2' title="bbox 361 807 2231 909; baseline 0.002 -28"><span class='ocrx_word' id='word_1_2' title='bbox 361 825 620 884; x_wconf 82' lang='lat' dir='ltr'><strong>Becker</strong></span> <span class='ocrx_word' id='word_1_3' title='bbox 681 807 945 906; x_wconf 71' lang='lat' dir='ltr'><strong>attigistis.</strong></span> <span class='ocrx_word' id='word_1_4' title='bbox 1033 827 1225 886; x_wconf 88' lang='lat' dir='ltr'><strong>Visum</strong></span> <span class='ocrx_word' id='word_1_5' title='bbox 1284 827 1412 885; x_wconf 78' lang='lat' dir='ltr'><strong>huic</strong></span> <span class='ocrx_word' id='word_1_6' title='bbox 1451 844 1561 886; x_wconf 84' lang='lat' dir='ltr'><strong>esse</strong></span> <span class='ocrx_word' id='word_1_7' title='bbox 1601 827 1865 909; x_wconf 84' lang='lat' dir='ltr'>cognovi,</span> <span class='ocrx_word' id='word_1_8' title='bbox 1915 823 2115 886; x_wconf 84' lang='lat' dir='ltr'><strong>Lucilii</strong></span> <span class='ocrx_word' id='word_1_9' title='bbox 2157 827 2231 885; x_wconf 88' lang='lat' dir='ltr'><strong>li-</strong></span> 
     </span>
     <span class='ocr_line' id='line_1_3' title="bbox 357 937 2228 1021; baseline 0.002 -29"><span class='ocrx_word' id='word_1_10' title='bbox 357 937 483 994; x_wconf 75' lang='lat' dir='ltr'><strong>bros</strong></span> <span class='ocrx_word' id='word_1_11' title='bbox 507 939 804 997; x_wconf 75' lang='lat' dir='ltr'><strong>nonnullos</strong></span> <span class='ocrx_word' id='word_1_12' title='bbox 840 961 869 996; x_wconf 87' lang='lat' dir='ltr'><strong>a</strong></span> <span class='ocrx_word' id='word_1_13' title='bbox 904 941 1278 1015; x_wconf 67' lang='grc' dir='ltr'><strong>προσφωνήσει</strong></span> <span class='ocrx_word' id='word_1_14' title='bbox 1321 959 1432 998; x_wconf 88' lang='lat' dir='ltr'><strong>essc</strong></span> <span class='ocrx_word' id='word_1_15' title='bbox 1465 939 1790 1021; x_wconf 85' lang='lat' dir='ltr'><strong>appellatos,</strong></span> <span class='ocrx_word' id='word_1_16' title='bbox 1830 941 1985 1017; x_wconf 82' lang='lat' dir='ltr'><strong>cujus</strong></span> <span class='ocrx_word' id='word_1_17' title='bbox 2018 939 2228 1020; x_wconf 82' lang='lat' dir='ltr'><strong>generis</strong></span> 
     </span>
     <span class='ocr_line' id='line_1_4' title="bbox 356 1050 2231 1132; baseline 0.001 -24"><span class='ocrx_word' id='word_1_18' title='bbox 356 1067 590 1128; x_wconf 79' lang='lat' dir='ltr'><strong>quatuor</strong></span> <span class='ocrx_word' id='word_1_19' title='bbox 630 1053 877 1125; x_wconf 84' lang='lat' dir='ltr'><strong>invenit,</strong></span> <span class='ocrx_word' id='word_1_20' title='bbox 919 1052 1105 1126; x_wconf 84' lang='lat' dir='ltr'><strong>Aelio,</strong></span> <span class='ocrx_word' id='word_1_21' title='bbox 1147 1055 1192 1112; x_wconf 94' lang='lat' dir='ltr'><strong>F</strong></span> <span class='ocrx_word' id='word_1_22' title='bbox 1195 1051 1367 1112; x_wconf 89' lang='lat' dir='ltr'><strong>undio</strong></span> <span class='ocrx_word' id='word_1_23' title='bbox 1387 1097 1402 1127; x_wconf 95' lang='lat'><strong><em>,</em></strong></span> <span class='ocrx_word' id='word_1_24' title='bbox 1444 1053 1649 1112; x_wconf 81' lang='lat' dir='ltr'><strong>Albino</strong></span> <span class='ocrx_word' id='word_1_25' title='bbox 1671 1067 1725 1112; x_wconf 89' lang='lat' dir='ltr'><strong>et</strong></span> <span class='ocrx_word' id='word_1_26' title='bbox 1746 1052 1963 1122; x_wconf 88' lang='lat' dir='ltr'><strong>Caeli0‚</strong></span> <span class='ocrx_word' id='word_1_27' title='bbox 1998 1050 2231 1132; x_wconf 87' lang='lat' dir='ltr'><strong>singulis</strong></span> 
     </span>
     <span class='ocr_line' id='line_1_5' title="bbox 357 1163 2228 1246; baseline 0 -24"><span class='ocrx_word' id='word_1_28' title='bbox 357 1165 600 1246; x_wconf 84' lang='lat' dir='ltr'><strong>singulos</strong></span> <span class='ocrx_word' id='word_1_29' title='bbox 641 1167 946 1246; x_wconf 83' lang='lat' dir='ltr'><strong>inscriptos.</strong></span> <span class='ocrx_word' id='word_1_30' title='bbox 989 1166 1178 1245; x_wconf 87' lang='lat' dir='ltr'><strong>Itaque</strong></span> <span class='ocrx_word' id='word_1_31' title='bbox 1219 1165 1538 1240; x_wconf 87' lang='lat' dir='ltr'><strong>contendit,</strong></span> <span class='ocrx_word' id='word_1_32' title='bbox 1578 1165 1670 1225; x_wconf 77' lang='lat' dir='ltr'><strong>vel</strong></span> <span class='ocrx_word' id='word_1_33' title='bbox 1710 1165 1945 1246; x_wconf 84' lang='lat' dir='ltr'>priorem</span> <span class='ocrx_word' id='word_1_34' title='bbox 1986 1163 2191 1222; x_wconf 84' lang='lat' dir='ltr'><strong>librum</strong></span> <span class='ocrx_word' id='word_1_35' title='bbox 2213 1207 2228 1232; x_wconf 88' lang='lat'><strong>,</strong></span> 
     </span>
     <span class='ocr_line' id='line_1_6' title="bbox 354 1275 2228 1358; baseline -0.002 -22"><span class='ocrx_word' id='word_1_36' title='bbox 354 1277 444 1336; x_wconf 70' lang='lat' dir='ltr'><strong>vel</strong></span> <span class='ocrx_word' id='word_1_37' title='bbox 485 1291 693 1358; x_wconf 83' lang='lat' dir='ltr'><strong>partem</strong></span> <span class='ocrx_word' id='word_1_38' title='bbox 752 1279 930 1358; x_wconf 88' lang='lat' dir='ltr'><strong>operis</strong></span> <span class='ocrx_word' id='word_1_39' title='bbox 974 1279 1210 1358; x_wconf 83' lang='lat' dir='ltr'><strong>priorem</strong></span> <span class='ocrx_word' id='word_1_40' title='bbox 1227 1323 1240 1349; x_wconf 93' lang='lat'><strong>,</strong></span> <span class='ocrx_word' id='word_1_41' title='bbox 1289 1291 1462 1337; x_wconf 86' lang='lat' dir='ltr'><strong>totum</strong></span> <span class='ocrx_word' id='word_1_42' title='bbox 1504 1278 1669 1337; x_wconf 83' lang='lat' dir='ltr'><strong>Aelio</strong></span> <span class='ocrx_word' id='word_1_43' title='bbox 1710 1277 1908 1336; x_wconf 82' lang='lat' dir='ltr'><strong>Stiloni</strong></span> <span class='ocrx_word' id='word_1_44' title='bbox 1949 1275 2228 1335; x_wconf 83' lang='lat' dir='ltr'><strong>dedicasse</strong></span> 
     </span>
     <span class='ocr_line' id='line_1_7' title="bbox 356 1389 2230 1472; baseline -0.002 -23"><span class='ocrx_word' id='word_1_45' title='bbox 356 1391 660 1464; x_wconf 75' lang='lat' dir='ltr'><strong>Lucilium,</strong></span> <span class='ocrx_word' id='word_1_46' title='bbox 716 1392 1060 1470; x_wconf 89' lang='lat' dir='ltr'><strong>eundemque</strong></span> <span class='ocrx_word' id='word_1_47' title='bbox 1100 1393 1357 1471; x_wconf 88' lang='lat' dir='ltr'><strong>quintum</strong></span> <span class='ocrx_word' id='word_1_48' title='bbox 1397 1393 1514 1472; x_wconf 88' lang='lat' dir='ltr'><strong>ejus</strong></span> <span class='ocrx_word' id='word_1_49' title='bbox 1553 1391 1724 1472; x_wconf 79' lang='lat' dir='ltr'><strong>partis</strong></span> <span class='ocrx_word' id='word_1_50' title='bbox 1762 1389 1969 1449; x_wconf 89' lang='lat' dir='ltr'><strong>librum</strong></span> <span class='ocrx_word' id='word_1_51' title='bbox 2010 1391 2230 1448; x_wconf 83' lang='lat' dir='ltr'><strong>sortasse</strong></span> 
     </span>
     <span class='ocr_line' id='line_1_8' title="bbox 356 1502 2231 1584; baseline -0.002 -21"><span class='ocrx_word' id='word_1_52' title='bbox 356 1504 578 1579; x_wconf 83' lang='lat' dir='ltr'>Albino,</span> <span class='ocrx_word' id='word_1_53' title='bbox 597 1519 850 1584; x_wconf 88' lang='lat' dir='ltr'><strong>quartum</strong></span> <span class='ocrx_word' id='word_1_54' title='bbox 871 1504 1146 1565; x_wconf 88' lang='lat' dir='ltr'><strong>decimum</strong></span> <span class='ocrx_word' id='word_1_55' title='bbox 1160 1505 1398 1578; x_wconf 87' lang='lat' dir='ltr'><strong>Fundio‚</strong></span> <span class='ocrx_word' id='word_1_56' title='bbox 1417 1505 1541 1564; x_wconf 89' lang='lat' dir='ltr'><strong>aliis</strong></span> <span class='ocrx_word' id='word_1_57' title='bbox 1561 1504 1823 1582; x_wconf 87' lang='lat' dir='ltr'><strong>aliosjam</strong></span> <span class='ocrx_word' id='word_1_58' title='bbox 1844 1517 1971 1562; x_wconf 88' lang='lat' dir='ltr'><strong>ante</strong></span> <span class='ocrx_word' id='word_1_59' title='bbox 1990 1502 2231 1581; x_wconf 86' lang='lat' dir='ltr'><strong>inscrip-</strong></span> 
     </span>
     <span class='ocr_line' id='line_1_9' title="bbox 353 1613 2231 1698; baseline -0.002 -21"><span class='ocrx_word' id='word_1_60' title='bbox 353 1631 464 1692; x_wconf 80' lang='lat' dir='ltr'><strong>tos,</strong></span> <span class='ocrx_word' id='word_1_61' title='bbox 506 1621 736 1678; x_wconf 84' lang='lat' dir='ltr'><strong>intactos</strong></span> <span class='ocrx_word' id='word_1_62' title='bbox 777 1619 982 1678; x_wconf 80' lang='lat' dir='ltr'><strong>sivisse.</strong></span> <span class='ocrx_word' id='word_1_63' title='bbox 1066 1623 1144 1678; x_wconf 91' lang='lat' dir='ltr'><strong>Ac</strong></span> <span class='ocrx_word' id='word_1_64' title='bbox 1186 1631 1326 1678; x_wconf 82' lang='lat' dir='ltr'><strong>recte</strong></span> <span class='ocrx_word' id='word_1_65' title='bbox 1367 1620 1592 1698; x_wconf 88' lang='lat' dir='ltr'><strong>quidem</strong></span> <span class='ocrx_word' id='word_1_66' title='bbox 1634 1618 1705 1678; x_wconf 89' lang='lat' dir='ltr'><strong>de</strong></span> <span class='ocrx_word' id='word_1_67' title='bbox 1746 1617 1904 1676; x_wconf 89' lang='lat' dir='ltr'><strong>Aelio</strong></span> <span class='ocrx_word' id='word_1_68' title='bbox 1944 1615 2039 1674; x_wconf 89' lang='lat' dir='ltr'><strong>ille</strong></span> <span class='ocrx_word' id='word_1_69' title='bbox 2069 1613 2231 1694; x_wconf 88' lang='lat' dir='ltr'><strong>judi—</strong></span> 
     </span>
     <span class='ocr_line' id='line_1_10' title="bbox 353 1725 2232 1811; baseline -0.003 -21"><span class='ocrx_word' id='word_1_70' title='bbox 353 1732 500 1792; x_wconf 78' lang='lat' dir='ltr'><strong>cavit</strong></span> <span class='ocrx_word' id='word_1_71' title='bbox 515 1777 533 1805; x_wconf 90' lang='lat'><em>,</em></span> <span class='ocrx_word' id='word_1_72' title='bbox 573 1731 772 1791; x_wconf 76' lang='lat' dir='ltr'><strong>Lucilii</strong></span> <span class='ocrx_word' id='word_1_73' title='bbox 813 1753 974 1791; x_wconf 84' lang='lat' dir='ltr'><strong>versu</strong></span> <span class='ocrx_word' id='word_1_74' title='bbox 1015 1753 1172 1806; x_wconf 78' lang='lat' dir='ltr'><strong>usuS‚</strong></span> <span class='ocrx_word' id='word_1_75' title='bbox 1213 1733 1309 1811; x_wconf 86' lang='lat' dir='ltr'><strong>qui</strong></span> <span class='ocrx_word' id='word_1_76' title='bbox 1343 1746 1424 1792; x_wconf 88' lang='lat' dir='ltr'><strong>est</strong></span> <span class='ocrx_word' id='word_1_77' title='bbox 1462 1733 1524 1791; x_wconf 89' lang='lat' dir='ltr'><strong>in</strong></span> <span class='ocrx_word' id='word_1_78' title='bbox 1564 1731 1869 1792; x_wconf 86' lang='lat' dir='ltr'><strong>Rhetoricis</strong></span> <span class='ocrx_word' id='word_1_79' title='bbox 1902 1725 1975 1787; x_wconf 88' lang='lat' dir='ltr'><strong>ad</strong></span> <span class='ocrx_word' id='word_1_80' title='bbox 2014 1729 2232 1787; x_wconf 85' lang='lat' dir='ltr'><strong>Heren-</strong></span> 
     </span>
     <span class='ocr_line' id='line_1_11' title="bbox 353 1831 2225 1921; baseline -0.003 -19"><span class='ocrx_word' id='word_1_81' title='bbox 353 1845 516 1903; x_wconf 73' lang='lat' dir='ltr'><strong>nium&#39;</strong></span> <span class='ocrx_word' id='word_1_82' title='bbox 543 1845 645 1920; x_wconf 90' lang='lat' dir='ltr'><strong>IV,</strong></span> <span class='ocrx_word' id='word_1_83' title='bbox 677 1844 776 1919; x_wconf 87' lang='lat'><strong>12,</strong></span> <span class='ocrx_word' id='word_1_84' title='bbox 828 1843 927 1904; x_wconf 83' lang='lat' dir='ltr'><strong>ubi</strong></span> <span class='ocrx_word' id='word_1_85' title='bbox 957 1867 1050 1904; x_wconf 78' lang='lat' dir='ltr'><strong>res</strong></span> <span class='ocrx_word' id='word_1_86' title='bbox 1077 1831 1506 1905; x_wconf 79' lang='lat' dir='ltr'><strong>commodissime</strong></span> <span class='ocrx_word' id='word_1_87' title='bbox 1537 1843 1611 1904; x_wconf 89' lang='lat' dir='ltr'><strong>ad</strong></span> <span class='ocrx_word' id='word_1_88' title='bbox 1648 1847 1829 1904; x_wconf 82' lang='lat' dir='ltr'><strong>rerum</strong></span> <span class='ocrx_word' id='word_1_89' title='bbox 1866 1842 2225 1921; x_wconf 87' lang='lat' dir='ltr'><strong>farraginem,</strong></span> 
     </span>
     <span class='ocr_line' id='line_1_12' title="bbox 353 1953 2226 2038; baseline 0 -24"><span class='ocrx_word' id='word_1_90' title='bbox 353 1977 490 2036; x_wconf 85' lang='lat' dir='ltr'><strong>quae</strong></span> <span class='ocrx_word' id='word_1_91' title='bbox 548 1958 745 2038; x_wconf 85' lang='lat' dir='ltr'><strong>prioris</strong></span> <span class='ocrx_word' id='word_1_92' title='bbox 805 1959 972 2038; x_wconf 88' lang='lat' dir='ltr'><strong>partis</strong></span> <span class='ocrx_word' id='word_1_93' title='bbox 1014 1973 1177 2028; x_wconf 89' lang='lat' dir='ltr'><strong>esset,</strong></span> <span class='ocrx_word' id='word_1_94' title='bbox 1238 1959 1564 2017; x_wconf 80' lang='lat' dir='ltr'><strong>referuntur.</strong></span> <span class='ocrx_word' id='word_1_95' title='bbox 1646 1958 1927 2017; x_wconf 86' lang='lat' dir='ltr'><strong>Incautius</strong></span> <span class='ocrx_word' id='word_1_96' title='bbox 1981 1977 2111 2019; x_wconf 77' lang='lat' dir='ltr'><strong>vero</strong></span> <span class='ocrx_word' id='word_1_97' title='bbox 2151 1953 2226 2014; x_wconf 83' lang='lat' dir='ltr'><strong>ad</strong></span> 
     </span>
     <span class='ocr_line' id='line_1_13' title="bbox 355 2069 2226 2152; baseline 0 -24"><span class='ocrx_word' id='word_1_98' title='bbox 355 2069 559 2128; x_wconf 68' lang='lat' dir='ltr'><strong>librum</strong></span> <span class='ocrx_word' id='word_1_99' title='bbox 598 2072 855 2149; x_wconf 88' lang='lat' dir='ltr'><strong>quintum</strong></span> <span class='ocrx_word' id='word_1_100' title='bbox 895 2073 1166 2152; x_wconf 69' lang='lat' dir='ltr'><strong>pertinere</strong></span> <span class='ocrx_word' id='word_1_101' title='bbox 1206 2073 1420 2130; x_wconf 91' lang='lat' dir='ltr'><strong>censuit</strong></span> <span class='ocrx_word' id='word_1_102' title='bbox 1459 2070 1654 2130; x_wconf 86' lang='lat' dir='ltr'><strong>Albini</strong></span> <span class='ocrx_word' id='word_1_103' title='bbox 1686 2071 2049 2144; x_wconf 84' lang='lat' dir='ltr'><strong>mentionem3</strong></span> <span class='ocrx_word' id='word_1_104' title='bbox 2096 2088 2226 2128; x_wconf 82' lang='lat' dir='ltr'><strong>nam</strong></span> 
     </span>
     <span class='ocr_line' id='line_1_14' title="bbox 354 2179 2227 2264; baseline 0.001 -23"><span class='ocrx_word' id='word_1_105' title='bbox 354 2179 570 2262; x_wconf 80' lang='lat' dir='ltr'><strong>prorsus</strong></span> <span class='ocrx_word' id='word_1_106' title='bbox 601 2185 901 2257; x_wconf 83' lang='lat' dir='ltr'><strong>nescimus,</strong></span> <span class='ocrx_word' id='word_1_107' title='bbox 942 2185 1064 2263; x_wconf 89' lang='lat' dir='ltr'><strong>quis</strong></span> <span class='ocrx_word' id='word_1_108' title='bbox 1105 2185 1310 2242; x_wconf 87' lang='lat' dir='ltr'><strong>amicus</strong></span> <span class='ocrx_word' id='word_1_109' title='bbox 1343 2185 1540 2257; x_wconf 84' lang='lat' dir='ltr'><strong>suerit,</strong></span> <span class='ocrx_word' id='word_1_110' title='bbox 1580 2205 1742 2262; x_wconf 87' lang='lat' dir='ltr'><strong>quem</strong></span> <span class='ocrx_word' id='word_1_111' title='bbox 1774 2181 2134 2264; x_wconf 68' lang='lat' dir='ltr'><strong>negligentiae</strong></span> <span class='ocrx_word' id='word_1_112' title='bbox 2164 2183 2227 2242; x_wconf 88' lang='lat' dir='ltr'><strong>in</strong></span> 
     </span>
     <span class='ocr_line' id='line_1_15' title="bbox 355 2293 2227 2378; baseline -0.002 -23"><span class='ocrx_word' id='word_1_113' title='bbox 355 2319 411 2355; x_wconf 87' lang='lat' dir='ltr'><strong>se</strong></span> <span class='ocrx_word' id='word_1_114' title='bbox 467 2294 709 2355; x_wconf 74' lang='lat' dir='ltr'><strong>visendo</strong></span> <span class='ocrx_word' id='word_1_115' title='bbox 753 2296 1024 2358; x_wconf 67' lang='lat' dir='ltr'><strong>accusavit</strong></span> <span class='ocrx_word' id='word_1_116' title='bbox 1077 2297 1336 2356; x_wconf 67' lang='lat' dir='ltr'><strong>Lucilius</strong></span> <span class='ocrx_word' id='word_1_117' title='bbox 1420 2299 1573 2372; x_wconf 87' lang='lat' dir='ltr'><strong>Quae</strong></span> <span class='ocrx_word' id='word_1_118' title='bbox 1614 2293 1903 2378; x_wconf 85' lang='lat' dir='ltr'><strong>supersunt</strong></span> <span class='ocrx_word' id='word_1_119' title='bbox 1940 2297 2056 2376; x_wconf 88' lang='lat' dir='ltr'><strong>ejus</strong></span> <span class='ocrx_word' id='word_1_120' title='bbox 2094 2294 2227 2354; x_wconf 87' lang='lat' dir='ltr'><strong>libri</strong></span> 
     </span>
     <span class='ocr_line' id='line_1_16' title="bbox 355 2409 2229 2492; baseline -0.001 -25"><span class='ocrx_word' id='word_1_121' title='bbox 355 2411 658 2492; x_wconf 79' lang='lat' dir='ltr'><strong>fragmenta</strong></span> <span class='ocrx_word' id='word_1_122' title='bbox 719 2431 834 2469; x_wconf 86' lang='lat' dir='ltr'><strong>non</strong></span> <span class='ocrx_word' id='word_1_123' title='bbox 894 2411 1145 2469; x_wconf 83' lang='lat' dir='ltr'><strong>indicant</strong></span> <span class='ocrx_word' id='word_1_124' title='bbox 1162 2456 1178 2483; x_wconf 93' lang='lat'><strong><em>,</em></strong></span> <span class='ocrx_word' id='word_1_125' title='bbox 1235 2409 1654 2491; x_wconf 85' lang='lat' dir='ltr'><strong>descriptionem</strong></span> <span class='ocrx_word' id='word_1_126' title='bbox 1693 2409 1971 2489; x_wconf 80' lang='lat' dir='ltr'><strong>quandam</strong></span> <span class='ocrx_word' id='word_1_127' title='bbox 2006 2409 2229 2471; x_wconf 82' lang='lat' dir='ltr'><strong>virtutis</strong></span> 
     </span>
     <span class='ocr_line' id='line_1_17' title="bbox 356 2519 2227 2606; baseline -0.001 -24"><span class='ocrx_word' id='word_1_128' title='bbox 356 2545 418 2582; x_wconf 92' lang='lat' dir='ltr'><strong>eo</strong></span> <span class='ocrx_word' id='word_1_129' title='bbox 458 2525 902 2606; x_wconf 85' lang='lat' dir='ltr'><strong>comprehensam</strong></span> <span class='ocrx_word' id='word_1_130' title='bbox 944 2526 1140 2599; x_wconf 84' lang='lat' dir='ltr'><strong>fuisse3</strong></span> <span class='ocrx_word' id='word_1_131' title='bbox 1186 2545 1312 2582; x_wconf 88' lang='lat' dir='ltr'><strong>nam</strong></span> <span class='ocrx_word' id='word_1_132' title='bbox 1347 2523 1440 2582; x_wconf 87' lang='lat' dir='ltr'><strong>illa</strong></span> <span class='ocrx_word' id='word_1_133' title='bbox 1479 2524 1815 2604; x_wconf 83' lang='lat' dir='ltr'><strong>fragmenta,</strong></span> <span class='ocrx_word' id='word_1_134' title='bbox 1856 2543 1993 2601; x_wconf 90' lang='lat' dir='ltr'><strong>quae</strong></span> <span class='ocrx_word' id='word_1_135' title='bbox 2022 2543 2077 2602; x_wconf 85' lang='lat' dir='ltr'><strong>p.</strong></span> <span class='ocrx_word' id='word_1_136' title='bbox 2112 2519 2227 2581; x_wconf 88' lang='lat'><strong>172</strong></span> 
     </span>
     <span class='ocr_line' id='line_1_18' title="bbox 355 2633 2225 2718; baseline -0.003 -23"><span class='ocrx_word' id='word_1_137' title='bbox 355 2635 426 2696; x_wconf 91' lang='lat' dir='ltr'><strong>ad</strong></span> <span class='ocrx_word' id='word_1_138' title='bbox 477 2639 682 2698; x_wconf 90' lang='lat' dir='ltr'><strong>librum</strong></span> <span class='ocrx_word' id='word_1_139' title='bbox 727 2641 983 2716; x_wconf 83' lang='lat' dir='ltr'><strong>quintum</strong></span> <span class='ocrx_word' id='word_1_140' title='bbox 1021 2633 1209 2696; x_wconf 81' lang='lat' dir='ltr'><strong>referri</strong></span> <span class='ocrx_word' id='word_1_141' title='bbox 1250 2658 1403 2718; x_wconf 87' lang='lat' dir='ltr'><strong>posse</strong></span> <span class='ocrx_word' id='word_1_142' title='bbox 1441 2638 1661 2718; x_wconf 88' lang='lat' dir='ltr'><strong>putavi,</strong></span> <span class='ocrx_word' id='word_1_143' title='bbox 1714 2635 1875 2694; x_wconf 87' lang='lat' dir='ltr'><strong>retuli</strong></span> <span class='ocrx_word' id='word_1_144' title='bbox 1913 2633 2225 2714; x_wconf 86' lang='lat' dir='ltr'><strong>suspicione</strong></span> 
     </span>
     <span class='ocr_line' id='line_1_19' title="bbox 354 2745 2226 2830; baseline -0.002 -21"><span class='ocrx_word' id='word_1_145' title='bbox 354 2749 584 2826; x_wconf 88' lang='lat' dir='ltr'><strong>ductus;</strong></span> <span class='ocrx_word' id='word_1_146' title='bbox 629 2773 795 2830; x_wconf 87' lang='lat' dir='ltr'><strong>quam</strong></span> <span class='ocrx_word' id='word_1_147' title='bbox 826 2749 898 2810; x_wconf 92' lang='lat' dir='ltr'><strong>ob</strong></span> <span class='ocrx_word' id='word_1_148' title='bbox 929 2750 1041 2809; x_wconf 80' lang='lat' dir='ltr'><strong>rem</strong></span> <span class='ocrx_word' id='word_1_149' title='bbox 1074 2749 1220 2808; x_wconf 90' lang='lat' dir='ltr'><strong>nihil</strong></span> <span class='ocrx_word' id='word_1_150' title='bbox 1253 2747 1385 2809; x_wconf 89' lang='lat' dir='ltr'><strong>inde</strong></span> <span class='ocrx_word' id='word_1_151' title='bbox 1425 2747 1691 2808; x_wconf 80' lang='lat' dir='ltr'><strong>conficere</strong></span> <span class='ocrx_word' id='word_1_152' title='bbox 1718 2748 1881 2807; x_wconf 90' lang='lat' dir='ltr'><strong>nobis</strong></span> <span class='ocrx_word' id='word_1_153' title='bbox 1917 2745 2076 2821; x_wconf 88' lang='lat' dir='ltr'><strong>licet,</strong></span> <span class='ocrx_word' id='word_1_154' title='bbox 2116 2767 2226 2825; x_wconf 90' lang='lat' dir='ltr'><strong>quo</strong></span> 
     </span>
     <span class='ocr_line' id='line_1_20' title="bbox 353 2839 2228 2946; baseline -0.003 -22"><span class='ocrx_word' id='word_1_155' title='bbox 353 2880 534 2946; x_wconf 82' lang='lat' dir='ltr'><strong>pateat</strong></span> <span class='ocrx_word' id='word_1_156' title='bbox 554 2911 571 2937; x_wconf 92' lang='lat'><strong><em>,</em></strong></span> <span class='ocrx_word' id='word_1_157' title='bbox 631 2865 692 2922; x_wconf 88' lang='lat' dir='ltr'><strong>in</strong></span> <span class='ocrx_word' id='word_1_158' title='bbox 753 2860 1068 2923; x_wconf 88' lang='lat' dir='ltr'><strong>definienda</strong></span> <span class='ocrx_word' id='word_1_159' title='bbox 1125 2839 1327 2921; x_wconf 51' lang='lat' dir='ltr'><strong>iirtute</strong></span> <span class='ocrx_word' id='word_1_160' title='bbox 1365 2883 1430 2921; x_wconf 91' lang='lat' dir='ltr'><strong>eo</strong></span> <span class='ocrx_word' id='word_1_161' title='bbox 1470 2860 1592 2921; x_wconf 84' lang='lat' dir='ltr'><strong>loco</strong></span> <span class='ocrx_word' id='word_1_162' title='bbox 1631 2874 1901 2923; x_wconf 80' lang='lat' dir='ltr'><strong>versatum</strong></span> <span class='ocrx_word' id='word_1_163' title='bbox 1940 2881 2052 2919; x_wconf 85' lang='lat' dir='ltr'><strong>csse</strong></span> <span class='ocrx_word' id='word_1_164' title='bbox 2088 2863 2228 2940; x_wconf 70' lang='lat' dir='ltr'><strong>poi}-</strong></span> 
     </span>
     <span class='ocr_line' id='line_1_21' title="bbox 351 2972 2224 3057; baseline -0.003 -22"><span class='ocrx_word' id='word_1_165' title='bbox 351 2989 479 3036; x_wconf 81' lang='lat' dir='ltr'><strong>tam.</strong></span> <span class='ocrx_word' id='word_1_166' title='bbox 563 2975 764 3048; x_wconf 81' lang='lat' dir='ltr'><strong>Nullus</strong></span> <span class='ocrx_word' id='word_1_167' title='bbox 822 2989 1001 3034; x_wconf 86' lang='lat' dir='ltr'><strong>autem</strong></span> <span class='ocrx_word' id='word_1_168' title='bbox 1059 2974 1281 3036; x_wconf 81' lang='lat' dir='ltr'><strong>videtur</strong></span> <span class='ocrx_word' id='word_1_169' title='bbox 1331 2976 1507 3057; x_wconf 86' lang='lat' dir='ltr'><strong>aptior</strong></span> <span class='ocrx_word' id='word_1_170' title='bbox 1562 2972 1713 3034; x_wconf 90' lang='lat' dir='ltr'><strong>locus</strong></span> <span class='ocrx_word' id='word_1_171' title='bbox 1765 2973 2007 3034; x_wconf 83' lang='lat' dir='ltr'><strong>inveniri</strong></span> <span class='ocrx_word' id='word_1_172' title='bbox 2041 2993 2224 3054; x_wconf 89' lang='lat' dir='ltr'><strong>posse,</strong></span> 
     </span>
     <span class='ocr_line' id='line_1_22' title="bbox 349 3084 2221 3168; baseline -0.002 -20"><span class='ocrx_word' id='word_1_173' title='bbox 349 3096 512 3168; x_wconf 73' lang='lat' dir='ltr'><strong>quam</strong></span> <span class='ocrx_word' id='word_1_174' title='bbox 550 3089 644 3168; x_wconf 87' lang='lat' dir='ltr'><strong>qui</strong></span> <span class='ocrx_word' id='word_1_175' title='bbox 683 3101 762 3148; x_wconf 90' lang='lat' dir='ltr'><strong>est</strong></span> <span class='ocrx_word' id='word_1_176' title='bbox 801 3087 943 3147; x_wconf 91' lang='lat' dir='ltr'><strong>libro</strong></span> <span class='ocrx_word' id='word_1_177' title='bbox 979 3092 1129 3147; x_wconf 71' lang='lat' dir='ltr'><strong>sexto</strong></span> <span class='ocrx_word' id='word_1_178' title='bbox 1167 3087 1378 3147; x_wconf 88' lang='lat' dir='ltr'><strong>decimo</strong></span> <span class='ocrx_word' id='word_1_179' title='bbox 1388 3133 1405 3161; x_wconf 87' lang='lat'><em>‚</em></span> <span class='ocrx_word' id='word_1_180' title='bbox 1448 3087 1546 3146; x_wconf 85' lang='lat' dir='ltr'><strong>ubi</strong></span> <span class='ocrx_word' id='word_1_181' title='bbox 1589 3087 1655 3146; x_wconf 83' lang='lat' dir='ltr'><strong>fr.</strong></span> <span class='ocrx_word' id='word_1_182' title='bbox 1699 3089 1737 3146; x_wconf 87' lang='lat'>5</span> <span class='ocrx_word' id='word_1_183' title='bbox 1778 3087 1823 3144; x_wconf 94' lang='lat' dir='ltr'>F</span> <span class='ocrx_word' id='word_1_184' title='bbox 1828 3084 2061 3144; x_wconf 91' lang='lat' dir='ltr'><strong>undium</strong></span> <span class='ocrx_word' id='word_1_185' title='bbox 2101 3085 2221 3145; x_wconf 84' lang='lat' dir='ltr'><strong>vir-</strong></span> 
     </span>
     <span class='ocr_line' id='line_1_23' title="bbox 349 3195 2223 3274; baseline -0.003 -13"><span class='ocrx_word' id='word_1_186' title='bbox 349 3216 466 3262; x_wconf 84' lang='lat' dir='ltr'><strong>tute</strong></span> <span class='ocrx_word' id='word_1_187' title='bbox 507 3201 834 3261; x_wconf 86' lang='lat' dir='ltr'><strong>delectatum</strong></span> <span class='ocrx_word' id='word_1_188' title='bbox 875 3203 940 3261; x_wconf 78' lang='lat' dir='ltr'><strong>iri</strong></span> <span class='ocrx_word' id='word_1_189' title='bbox 962 3247 979 3274; x_wconf 88' lang='lat'><strong><em>,</em></strong></span> <span class='ocrx_word' id='word_1_190' title='bbox 1031 3201 1129 3260; x_wconf 88' lang='lat' dir='ltr'><strong>ubi</strong></span> <span class='ocrx_word' id='word_1_191' title='bbox 1168 3201 1438 3260; x_wconf 84' lang='lat' dir='ltr'><strong>strenuior</strong></span> <span class='ocrx_word' id='word_1_192' title='bbox 1474 3199 1699 3261; x_wconf 78' lang='lat' dir='ltr'><strong>villicus</strong></span> <span class='ocrx_word' id='word_1_193' title='bbox 1738 3199 1993 3272; x_wconf 82' lang='lat' dir='ltr'><strong>evaserit,</strong></span> <span class='ocrx_word' id='word_1_194' title='bbox 2034 3195 2223 3256; x_wconf 87' lang='lat' dir='ltr'><strong>decla-</strong></span> 
     </span>
     <span class='ocr_line' id='line_1_24' title="bbox 351 3309 2223 3392; baseline -0.002 -20"><span class='ocrx_word' id='word_1_195' title='bbox 351 3309 509 3384; x_wconf 70' lang='lat' dir='ltr'><strong>rans,</strong></span> <span class='ocrx_word' id='word_1_196' title='bbox 570 3315 792 3374; x_wconf 77' lang='lat' dir='ltr'><strong>virtutis</strong></span> <span class='ocrx_word' id='word_1_197' title='bbox 834 3311 1361 3373; x_wconf 84' lang='lat' dir='ltr'><strong>commendationem</strong></span> <span class='ocrx_word' id='word_1_198' title='bbox 1413 3325 1607 3392; x_wconf 86' lang='lat' dir='ltr'><strong>sponte</strong></span> <span class='ocrx_word' id='word_1_199' title='bbox 1654 3311 1945 3371; x_wconf 83' lang='lat' dir='ltr'><strong>additurus</strong></span> <span class='ocrx_word' id='word_1_200' title='bbox 1982 3309 2223 3372; x_wconf 80' lang='lat' dir='ltr'><strong>videtur.</strong></span> 
     </span>
     <span class='ocr_line' id='line_1_25' title="bbox 347 3423 2220 3498; baseline -0.004 -12"><span class='ocrx_word' id='word_1_201' title='bbox 347 3425 440 3486; x_wconf 88' lang='lat' dir='ltr'><strong>Ad</strong></span> <span class='ocrx_word' id='word_1_202' title='bbox 479 3427 628 3485; x_wconf 81' lang='lat' dir='ltr'><strong>h‘u&#39;nc</strong></span> <span class='ocrx_word' id='word_1_203' title='bbox 663 3425 844 3486; x_wconf 89' lang='lat' dir='ltr'><strong>locum</strong></span> <span class='ocrx_word' id='word_1_204' title='bbox 883 3439 940 3484; x_wconf 77' lang='lat' dir='ltr'><strong>tu</strong></span> <span class='ocrx_word' id='word_1_205' title='bbox 985 3427 1282 3498; x_wconf 84' lang='lat' dir='ltr'><strong>monuisti,</strong></span> <span class='ocrx_word' id='word_1_206' title='bbox 1335 3423 1620 3485; x_wconf 83' lang='lat' dir='ltr'><strong>Fundium</strong></span> <span class='ocrx_word' id='word_1_207' title='bbox 1660 3423 1911 3486; x_wconf 87' lang='lat' dir='ltr'><strong>villicum</strong></span> <span class='ocrx_word' id='word_1_208' title='bbox 1950 3443 2065 3482; x_wconf 88' lang='lat' dir='ltr'><strong>esse</strong></span> <span class='ocrx_word' id='word_1_209' title='bbox 2104 3443 2220 3480; x_wconf 91' lang='lat' dir='ltr'><strong>non</strong></span> 
     </span>
     <span class='ocr_line' id='line_1_26' title="bbox 349 3537 2223 3620; baseline -0.003 -22"><span class='ocrx_word' id='word_1_210' title='bbox 349 3541 615 3619; x_wconf 86' lang='lat' dir='ltr'><strong>potuisse,</strong></span> <span class='ocrx_word' id='word_1_211' title='bbox 655 3543 783 3619; x_wconf 84' lang='lat' dir='ltr'><strong>quia</strong></span> <span class='ocrx_word' id='word_1_212' title='bbox 823 3561 1018 3620; x_wconf 86' lang='lat' dir='ltr'><strong>parum</strong></span> <span class='ocrx_word' id='word_1_213' title='bbox 1059 3539 1224 3618; x_wconf 85' lang='lat' dir='ltr'><strong>hujus</strong></span> <span class='ocrx_word' id='word_1_214' title='bbox 1265 3539 1600 3598; x_wconf 89' lang='lat' dir='ltr'><strong>conditionis</strong></span> <span class='ocrx_word' id='word_1_215' title='bbox 1640 3538 1852 3597; x_wconf 87' lang='lat' dir='ltr'><strong>homini</strong></span> <span class='ocrx_word' id='word_1_216' title='bbox 1892 3537 2095 3618; x_wconf 83' lang='lat' dir='ltr'><strong>gentile</strong></span> <span class='ocrx_word' id='word_1_217' title='bbox 2126 3557 2223 3594; x_wconf 87' lang='lat' dir='ltr'><strong>no·</strong></span> 
     </span>
     <span class='ocr_line' id='line_1_27' title="bbox 351 3651 2219 3732; baseline 0 -24"><span class='ocrx_word' id='word_1_218' title='bbox 351 3673 474 3710; x_wconf 88' lang='lat' dir='ltr'><strong>men</strong></span> <span class='ocrx_word' id='word_1_219' title='bbox 495 3653 801 3711; x_wconf 85' lang='lat' dir='ltr'><strong>conveniat.</strong></span> <span class='ocrx_word' id='word_1_220' title='bbox 845 3655 916 3710; x_wconf 91' lang='lat' dir='ltr'><strong>At</strong></span> <span class='ocrx_word' id='word_1_221' title='bbox 938 3673 1068 3732; x_wconf 89' lang='lat' dir='ltr'><strong>gens</strong></span> <span class='ocrx_word' id='word_1_222' title='bbox 1087 3651 1305 3712; x_wconf 89' lang='lat' dir='ltr'><strong>Fundia</strong></span> <span class='ocrx_word' id='word_1_223' title='bbox 1328 3674 1549 3732; x_wconf 81' lang='lat' dir='ltr'><strong>prorsus</strong></span> <span class='ocrx_word' id='word_1_224' title='bbox 1570 3653 1630 3710; x_wconf 88' lang='lat' dir='ltr'><strong>in</strong></span> <span class='ocrx_word' id='word_1_225' title='bbox 1651 3651 1945 3713; x_wconf 86' lang='lat' dir='ltr'><strong>annalibus</strong></span> <span class='ocrx_word' id='word_1_226' title='bbox 1959 3651 2219 3710; x_wconf 84' lang='lat' dir='ltr'><strong>Romanis</strong></span> 
     </span>
     <span class='ocr_line' id='line_1_28' title="bbox 351 3761 2219 3846; baseline 0.001 -25"><span class='ocrx_word' id='word_1_227' title='bbox 351 3765 659 3844; x_wconf 83' lang='lat' dir='ltr'><strong>ignoratur,</strong></span> <span class='ocrx_word' id='word_1_228' title='bbox 721 3787 896 3844; x_wconf 86' lang='lat' dir='ltr'><strong>neque</strong></span> <span class='ocrx_word' id='word_1_229' title='bbox 945 3765 1112 3846; x_wconf 73' lang='lat' dir='ltr'><strong>igitur</strong></span> <span class='ocrx_word' id='word_1_230' title='bbox 1151 3764 1414 3824; x_wconf 80' lang='lat' dir='ltr'><strong>credibile</strong></span> <span class='ocrx_word' id='word_1_231' title='bbox 1455 3779 1564 3838; x_wconf 84' lang='lat' dir='ltr'><strong>est,</strong></span> <span class='ocrx_word' id='word_1_232' title='bbox 1606 3765 1903 3823; x_wconf 78' lang='lat' dir='ltr'><strong>Fundium</strong></span> <span class='ocrx_word' id='word_1_233' title='bbox 1943 3761 2219 3842; x_wconf 88' lang='lat' dir='ltr'><strong>quendam</strong></span> 
     </span>
     <span class='ocr_line' id='line_1_29' title="bbox 350 3875 2227 3959; baseline 0.001 -25"><span class='ocrx_word' id='word_1_234' title='bbox 350 3876 628 3936; x_wconf 77' lang='lat' dir='ltr'><strong>Albinum</strong></span> <span class='ocrx_word' id='word_1_235' title='bbox 665 3899 696 3936; x_wconf 85' lang='lat' dir='ltr'><strong>a</strong></span> <span class='ocrx_word' id='word_1_236' title='bbox 737 3878 948 3937; x_wconf 86' lang='lat' dir='ltr'><strong>Lucilio</strong></span> <span class='ocrx_word' id='word_1_237' title='bbox 987 3877 1354 3959; x_wconf 85' lang='lat' dir='ltr'><strong>significatum</strong></span> <span class='ocrx_word' id='word_1_238' title='bbox 1395 3901 1534 3952; x_wconf 82' lang='lat' dir='ltr'><strong>esse,</strong></span> <span class='ocrx_word' id='word_1_239' title='bbox 1576 3899 1737 3957; x_wconf 90' lang='lat' dir='ltr'><strong>quem</strong></span> <span class='ocrx_word' id='word_1_240' title='bbox 1776 3878 1992 3938; x_wconf 84' lang='lat' dir='ltr'><strong>virtutis</strong></span> <span class='ocrx_word' id='word_1_241' title='bbox 2030 3875 2227 3936; x_wconf 89' lang='lat' dir='ltr'><strong>admo-</strong></span> 
     </span>
     <span class='ocr_line' id='line_1_30' title="bbox 1117 3985 2241 4062; baseline -0.002 -10"><span class='ocrx_word' id='word_1_242' title='bbox 1117 3993 1309 4053; x_wconf 67' lang='lat' dir='ltr'><strong>“entili</strong></span> <span class='ocrx_word' id='word_1_243' title='bbox 1343 3995 1569 4052; x_wconf 87' lang='lat' dir='ltr'><strong>nomine</strong></span> <span class='ocrx_word' id='word_1_244' title='bbox 1600 3991 1900 4062; x_wconf 75' lang='lat' dir='ltr'><strong>Fundium,¹</strong></span> <span class='ocrx_word' id='word_1_245' title='bbox 1942 3989 2105 4050; x_wconf 88' lang='lat' dir='ltr'><strong>modo</strong></span> <span class='ocrx_word' id='word_1_246' title='bbox 2144 3985 2241 4050; x_wconf 45' lang='lat' dir='ltr'><strong>fa?</strong></span> 
     </span>
    </p>
   </div>
   <div class='ocr_carea' id='block_1_3' title="bbox 347 4042 2221 4187">
    <p class='ocr_par' dir='ltr' id='par_1_3' title="bbox 347 4042 2221 4187">
     <span class='ocr_line' id='line_1_31' title="bbox 1115 4042 1146 4076; baseline 0 0"><span class='ocrx_word' id='word_1_247' title='bbox 1115 4042 1146 4076; x_wconf 71' lang='lat' dir='ltr'><strong>t&gt;</strong></span> 
     </span>
     <span class='ocr_line' id='line_1_32' title="bbox 347 4101 2221 4187; baseline 0.003 -29"><span class='ocrx_word' id='word_1_248' title='bbox 347 4101 529 4161; x_wconf 87' lang='lat' dir='ltr'><strong>miliae</strong></span> <span class='ocrx_word' id='word_1_249' title='bbox 585 4104 852 4164; x_wconf 89' lang='lat' dir='ltr'><strong>Albinum</strong></span> <span class='ocrx_word' id='word_1_250' title='bbox 905 4107 1278 4187; x_wconf 84' lang='lat' dir='ltr'><strong>appellaverit.</strong></span> <span class='ocrx_word' id='word_1_251' title='bbox 1363 4107 1521 4166; x_wconf 84' lang='lat' dir='ltr'><strong>Talia</strong></span> <span class='ocrx_word' id='word_1_252' title='bbox 1564 4115 1869 4166; x_wconf 76' lang='lat' dir='ltr'><strong>commenta</strong></span> <span class='ocrx_word' id='word_1_253' title='bbox 1906 4107 2034 4184; x_wconf 85' lang='lat' dir='ltr'><strong>quia</strong></span> <span class='ocrx_word' id='word_1_254' title='bbox 2077 4105 2221 4164; x_wconf 87' lang='lat' dir='ltr'><strong>nihil</strong></span> 
     </span>
    </p>
   </div>
   <div class='ocr_carea' id='block_1_4' title="bbox 347 3991 1072 4070">
    <p class='ocr_par' dir='ltr' id='par_1_4' title="bbox 347 3991 1072 4070">
     <span class='ocr_line' id='line_1_33' title="bbox 347 3991 1072 4070; baseline 0.01 -24"><span class='ocrx_word' id='word_1_255' title='bbox 347 3991 530 4048; x_wconf 82' lang='lat' dir='ltr'><strong>nuerit</strong></span> <span class='ocrx_word' id='word_1_256' title='bbox 543 4036 557 4060; x_wconf 91' lang='lat'><strong>,</strong></span> <span class='ocrx_word' id='word_1_257' title='bbox 603 4013 870 4070; x_wconf 85' lang='lat' dir='ltr'><strong>quemque</strong></span> <span class='ocrx_word' id='word_1_258' title='bbox 909 3991 1072 4052; x_wconf 89' lang='lat' dir='ltr'><strong>modo</strong></span> 
     </span>
    </p>
   </div>
   <div class='ocr_carea' id='block_1_5' title="bbox 347 4212 2243 4415">
    <p class='ocr_par' dir='ltr' id='par_1_5' title="bbox 347 4212 2243 4415">
     <span class='ocr_line' id='line_1_34' title="bbox 347 4212 2225 4300; baseline 0.004 -29"><span class='ocrx_word' id='word_1_259' title='bbox 347 4229 603 4292; x_wconf 86' lang='lat' dir='ltr'><strong>prosunt,</strong></span> <span class='ocrx_word' id='word_1_260' title='bbox 635 4218 780 4277; x_wconf 84' lang='lat' dir='ltr'><strong>malo</strong></span> <span class='ocrx_word' id='word_1_261' title='bbox 821 4219 888 4278; x_wconf 84' lang='lat' dir='ltr'><strong>iis</strong></span> <span class='ocrx_word' id='word_1_262' title='bbox 929 4220 1203 4280; x_wconf 84' lang='lat' dir='ltr'><strong>abstinere</strong></span> <span class='ocrx_word' id='word_1_263' title='bbox 1245 4235 1298 4280; x_wconf 84' lang='lat' dir='ltr'><strong>et</strong></span> <span class='ocrx_word' id='word_1_264' title='bbox 1339 4243 1408 4280; x_wconf 81' lang='lat' dir='ltr'><strong>ex</strong></span> <span class='ocrx_word' id='word_1_265' title='bbox 1449 4235 1502 4280; x_wconf 91' lang='lat' dir='ltr'><strong>te</strong></span> <span class='ocrx_word' id='word_1_266' title='bbox 1544 4212 1825 4300; x_wconf 45' lang='lat' dir='ltr'><strong>q&#39;uaercress</strong></span> <span class='ocrx_word' id='word_1_267' title='bbox 1869 4242 2002 4278; x_wconf 89' lang='lat' dir='ltr'><strong>num</strong></span> <span class='ocrx_word' id='word_1_268' title='bbox 2042 4219 2225 4280; x_wconf 85' lang='lat' dir='ltr'><strong>Gallo·</strong></span> 
     </span>
     <span class='ocr_line' id='line_1_35' title="bbox 347 4323 2243 4415; baseline 0.006 -33"><span class='ocrx_word' id='word_1_269' title='bbox 347 4327 425 4382; x_wconf 87' lang='lat' dir='ltr'><strong>nii</strong></span> <span class='ocrx_word' id='word_1_270' title='bbox 472 4341 524 4384; x_wconf 84' lang='lat' dir='ltr'><strong>et</strong></span> <span class='ocrx_word' id='word_1_271' title='bbox 560 4327 754 4388; x_wconf 77' lang='lat' dir='ltr'><strong>Granii</strong></span> <span class='ocrx_word' id='word_1_272' title='bbox 798 4337 1425 4411; x_wconf 73' lang='lat' dir='ltr'><strong>praeconnm‘nomina,</strong></span> <span class='ocrx_word' id='word_1_273' title='bbox 1469 4345 1528 4394; x_wconf 88' lang='lat' dir='ltr'><strong>ut</strong></span> <span class='ocrx_word' id='word_1_274' title='bbox 1552 4335 1790 4409; x_wconf 79' lang='lat' dir='ltr'><strong>Fundii&#39;,</strong></span> <span class='ocrx_word' id='word_1_275' title='bbox 1812 4335 2036 4415; x_wconf 84' lang='lat' dir='ltr'><strong>gentilia</strong></span> <span class='ocrx_word' id='word_1_276' title='bbox 2058 4323 2243 4394; x_wconf 60' lang='lat' dir='ltr'><strong>fuisse</strong></span> 
     </span>
    </p>
   </div>
   <div class='ocr_carea' id='block_1_6' title="bbox 1962 4453 2002 4512">
    <p class='ocr_par' dir='ltr' id='par_1_6' title="bbox 1962 4453 2002 4512">
     <span class='ocr_line' id='line_1_36' title="bbox 1962 4453 2002 4512; baseline 0 0"><span class='ocrx_word' id='word_1_277' title='bbox 1962 4453 2002 4512; x_wconf 85' lang='lat'>6</span> 
     </span>
    </p>
   </div>
  </div>
 </body>
</html>
