3075 5392
1318 607 1384 630 Ιιν

1310 625 1384 666 4.)

421 825 556 882 lium
596 821 667 880 dc
712 817 1149 878 Tusculanorum
1184 815 1427 874 moribus
1451 859 1466 885 ,
1521 815 1800 890 Papiriae
1841 811 2009 869 tribui
2052 810 2289 890 adscrip-

420 950 597 994 torum
622 979 637 1005 ,
692 933 859 1013 egisse
916 929 1178 988 docentis.
1264 926 1453 1004 Adjeci
1495 928 1808 985 Palatinae
1849 938 1898 983 et
1939 925 2292 998 oufentinae

421 1047 664 1106 tribuum
698 1045 1030 1104 mentionem
1064 1039 1203 1123 (vid.
1226 1054 1465 1100 extrema
1496 1040 1601 1097 mei
1636 1038 1766 1096 libri
1799 1038 2038 1119 pagina).
2081 1037 2296 1096 Deinde

422 1161 615 1238 eodem
650 1157 829 1218 redire
860 1177 947 1216 me
980 1156 1147 1234 jussit
1182 1154 1457 1213 Ausonius
1478 1155 1712 1233 Popma,
1753 1155 1914 1227 cujus
1951 1152 2298 1232 opinionem,

424 1293 549 1332 vere
606 1281 819 1328 acutam
842 1312 855 1337 ,
915 1287 1101 1326 veram
1154 1285 1267 1323 esse
1326 1262 1586 1323 dubitavi
1644 1283 1698 1342 p.
1737 1261 1885 1333 256,
1927 1262 2074 1334 257,
2117 1262 2302 1320 existi-

424 1405 579 1443 maus
622 1405 649 1439 α
668 1401 865 1461 parum
896 1377 1192 1438 verisimile
1226 1398 1367 1448 esse,
1409 1376 1720 1448 Lucilium,
1757 1397 1920 1454 quem
1961 1382 2176 1455 poetam
2213 1395 2306 1432 co-

424 1497 717 1577 gnovimus
766 1492 973 1574 ingenii
1020 1492 1078 1553 vi
1119 1511 1180 1549 ac
1218 1490 1429 1550 fervore
1482 1489 1768 1548 florentem
1789 1533 1804 1562 ,
1857 1488 2100 1569 singulas
2135 1487 2304 1548 dein—

426 1629 555 1689 ceps
596 1605 775 1666 tribus
825 1604 1005 1674 satiris
1042 1604 1156 1662 suis
1194 1603 1487 1682 arripuisse
1502 1647 1518 1674 ‚
1587 1601 1782 1661 ordine
1820 1615 1872 1660 et
1913 1600 2076 1661 modo
2119 1604 2307 1661 omnia

426 1719 784 1800 disposuisse,
824 1730 875 1776 et
913 1737 1135 1776 carmen
1172 1713 1445 1788 edidisse,
1504 1713 1655 1794 quod
1695 1713 1866 1794 ipsius
1906 1714 2061 1772 urbis
2103 1716 2304 1774 Romae

428 1832 851 1913 descriptionem
910 1839 1213 1888 accuratam
1250 1828 1553 1886 contineret
1572 1871 1590 1901 ‚
1649 1839 1701 1886 et
1739 1829 1802 1886 in
1841 1833 1958 1904 ejus
1993 1829 2307 1907 quisquiliis

439 1965 501 2003 ac
540 1943 917 2002 nebulonibus
957 1940 1217 2001 notandis
1256 1955 1580 2002 versaretur.
1663 1939 1827 2015 Quod
1867 1942 1978 2001 nisi
2019 1955 2314 2016 statuatur,

442 2058 693 2138 ineptum
732 2077 863 2116 sane
904 2055 1181 2136 negotium
1222 2055 1419 2124 fuerit,
1460 2052 1533 2113 ad
1573 2053 1818 2113 tribuum
1841 2054 2072 2115 XXXV
2115 2077 2315 2114 nume-

437 2189 561 2228 rum
600 2167 871 2228 librorum
913 2187 1205 2226 numerum
1262 2165 1477 2245 exigere
1526 2165 1690 2224 velle.
1773 2165 1906 2224 Veri
1947 2178 2128 2224 autem
2167 2167 2314 2225 simi.

441 2281 551 2340 lius
608 2293 717 2350 est,
782 2281 1035 2340 urbanas
1088 2299 1215 2338 eum
1266 2292 1323 2338 et
1372 2286 1630 2338 rusticas
1679 2279 1858 2338 tribus
1885 2279 2188 2360 'separatim
2227 2303 2314 2361 ag·

445 2417 685 2477 gressum
722 2413 835 2453 esse
855 2438 873 2467 ‚
923 2392 1091 2473 idque
1144 2405 1327 2473 patere
1378 2393 1576 2473 opinor
1615 2391 1826 2453 collatis
1867 2391 2000 2453 libri
2041 2395 2222 2472 quarti
2263 2407 2317 2452 et

446 2509 632 2588 quinti
670 2507 1006 2588 argumentis
1063 2527 1229 2587 supra
1268 2503 1584 2564 indicatis.»
1669 2507 1828 2565 Talia
1869 2505 2123 2585 equidem
2163 2521 2282 2566 tum
2302 2553 2320 2581 ,

440 2639 617 2698 quum
667 2632 813 2680 totus
865 2619 928 2678 in
979 2619 1437 2678 commentatione
1488 2619 1590 2676 illa
1639 2632 1690 2678 et
1745 2618 2094 2680 meditatione
2135 2643 2324 2681 versa-

448 2731 567 2792 bar.
646 2730 970 2792 Jucundum
1030 2731 1197 2810 igitur
1247 2730 1383 2788 mihi
1439 2751 1592 2789 nunc
1651 2752 1766 2789 esse
1818 2731 2084 2812 longeque
2125 2754 2322 2814 accep-

444 2843 715 2904 tissimum
758 2841 1028 2922 intelliges
1051 2886 1067 2913 ,
1107 2838 1257 2919 quod
1296 2841 1610 2900 scholiastes
1646 2839 1720 2900 ad
1751 2843 1919 2902 Persii
1951 2843 2064 2901 Sat.
2084 2844 2142 2913 I,
2180 2845 2323 2918 115,

444 2955 615 3038 (Jahn
657 2977 711 3036 p.
758 2953 901 3036 275)
958 2955 1092 3036 legi:
1158 2977 1188 3010 tt
1218 2955 1421 3014 Urbem
1480 2967 1662 3014 autem
1720 2954 1844 3015 ideo
1903 2955 2052 3016 dixit
2105 2967 2286 3017 secuit
2305 3003 2323 3032 ,

445 3069 573 3149 quia
614 3068 793 3128 tribus
830 3086 1021 3127 omnes
1059 3068 1361 3147 triginta
1387 3069 1702 3146 quinque
1724 3067 2102 3143 laceravit,ex
2121 3072 2323 3150 quibus

449 3180 581 3240 urbs
620 3191 729 3238 tota
772 3190 1049 3239 constat.»
1132 3179 1335 3236 Poteris
1374 3179 1544 3238 fidem
1585 3177 1748 3237 dictis
1787 3201 1983 3260 negare
2002 3227 2018 3253 ‚
2060 3203 2123 3240 ac
2165 3205 2323 3264 nega·

448 3292 537 3350 bis
578 3292 825 3363 fortasse;
868 3288 969 3348 sed
1007 3310 1207 3368 quaero
1250 3288 1531 3370 negandae
1572 3289 1704 3349 fidei
1745 3313 1963 3351 causam
1979 3337 1995 3364 ,
2038 3315 2151 3353 non
2194 3296 2325 3354 irri-

448 3407 621 3466 sionis
680 3403 897 3485 lepidae
950 3403 1324 3464 innocentiam
1384 3415 1546 3482 atque
1605 3405 1998 3484 impotentiam.
2081 3407 2190 3467 Sed
2232 3431 2326 3469 au-

453 3518 701 3579 dendum
744 3532 824 3576 est
862 3515 1104 3595 aliquid,
1166 3538 1237 3574 ne
1278 3537 1489 3597 semper
1529 3517 1726 3578 iisdem
1766 3521 2140 3600 angustiarum
2181 3521 2326 3583 limi-

452 3632 601 3692 tibus
641 3629 1042 3695 concludamur
1056 3652 1071 3704 ς
1142 3651 1242 3688 nee
1282 3629 1570 3688 affirmabo
1609 3631 1912 3710 quidquam
1931 3677 1950 3707 ,
1990 3633 2139 3713 quod
2179 3635 2327 3695 idem

453 3746 763 3806 confirmari
826 3744 1157 3826 argumentis
1218 3763 1332 3800 non
1373 3743 1604 3823 poterit,
1673 3742 1770 3802 sed
1831 3745 2006 3804 libero
2067 3751 2329 3828 cujusque

446 3858 703 3938 judicie,
765 3855 915 3935 quod
955 3870 1196 3914 mentem
1246 3855 1451 3929 subiit,
1512 3856 1844 3918 committam
1881 3858 2070 3920 libere.
2153 3865 2330 3921 'Reco—

453 3971 697 4032 lentibus
718 3971 869 4030 enim
886 3968 1293 4030 memorabilem
1314 3970 1527 4028 Horatii
1549 3968 1730 4028 locum
1741 4015 1760 4044 ,
1791 3970 1896 4030 ubi·
1909 3973 2156 4032 Lucilius
2191 3997 2326 4054 pen-

457 4083 587 4144 dere
653 4085 724 4146 ab
774 4085 1029 4162 antiquae
1078 4081 1387 4142 comoediae
1430 4085 1640 4142 Atticae
1689 4083 2038 4163 principibus
2089 4084 2296 4146 dicitur
2318 4133 2330 4157 ,

458 4219 627 4277 eaque
648 4195 1155 4268 considerantibus,
1174 4217 1311 4274 quae
1332 4195 1405 4256 ad
1434 4195 1910 4276 interpretandum
1951 4197 2114 4258 illum
2153 4199 2330 4259 locum

461 4311 743 4374 attulimus
798 4333 854 4390 p.
894 4311 1015 4374 290
1069 4331 1182 4388 sqq.
1208 4353 1223 4382 ,
1286 4331 1399 4370 non
1443 4307 1743 4370 absurdum
1784 4294 1962 4389 videri
1999 4313 2226 4391 poterit,
2287 4315 2332 4372 si
