3075 5392
1589 573 1664 630 50

674 774 805 834 haec
848 778 1037 838 omnia
1076 793 1357 858 spectant,
1396 779 1634 840 redeam.
1722 783 1858 840 Nam
1903 781 2122 842 videtur
2163 804 2292 842 sane
2332 785 2430 844 ill‘e
2469 807 2564 844 an·

674 889 812 966 tiqui
872 891 1105 962 comici,
1164 913 1197 950 a
1257 913 1367 971 quo
1425 905 1479 951 et
1526 895 1716 952 ceteris
1737 939 1752 966 ,
1794 917 2029 972 quorum
2067 896 2346 956 comoedia
2386 897 2564 976 prisea

673 1000 921 1060 virorum
960 1015 1067 1074 est,
1097 1087 1099 1089 ‚
1108 1003 1435 1084 pependisse
1462 1006 1644 1067 omnis
1665 1007 1866 1080 fertur,
1905 1008 2250 1088 exemplum,
2272 1008 2332 1066 in
2355 1013 2566 1083 Δήμοις

675 1113 957 1190 proditum
974 1158 989 1183 ,
1030 1115 1233 1177 imitari
1266 1116 1531 1194 voluisse3
1577 1139 1680 1176 nec
1717 1131 1915 1178 temere
1954 1140 2054 1178 nos
2082 1120 2259 1178 facere
2277 1118 2471 1188 credo,
2489 1121 2568 1191 si,

676 1223 1142 1301 quemadmodum
1181 1228 1414 1308 Eupolis
1454 1230 1841 1290 curialium
1882 1252 2078 1305 mores,
2125 1245 2304 1290 cetera
2331 1233 2568 1313 carpsit,

671 1339 747 1395 ita
790 1336 1071 1396 Lucilium
1108 1340 1169 1397 in
1210 1339 1546 1398 tribubus
1585 1339 1928 1421 exagitandis
1969 1339 2042 1400 de
2071 1339 2346 1400 industria
2385 1362 2571 1402 vei-sa·

675 1461 795 1508 tum
816 1471 929 1510 esse
949 1451 1347 1512 existimamus:
1388 1452 1571 1512 curias
1607 1466 1788 1513 autem
1819 1467 1874 1513 et
1911 1453 2090 1516 tribus
2109 1475 2282 1534 quum
2301 1453 2570 1529 dicimus,

672 1563 941 1644 populum
980 1564 1403 1624 Atheniensium
1440 1579 1495 1624 et
1537 1567 1882 1640 Romanum,
1922 1588 2156 1644 quorum
2193 1566 2440 1647 singulos
2475 1587 2569 1625 cu-

671 1679 855 1737 riatim
897 1691 953 1736 et
992 1677 1246 1736 tributim
1286 1691 1512 1756 uterque
1553 1679 1796 1738 oratione
1837 1699 2116 1760 aggressus
2147 1692 2254 1749 est,
2295 1677 2569 1759 intelligi-

674 1812 813 1848 mus.
896 1792 1021 1865 Qua
1076 1803 1257 1849 autem
1298 1791 1403 1850 hoc
1446 1792 1627 1871 operis
1667 1804 1818 1872 parte
1860 1793 2047 1850 fecerit
2088 1793 2370 1852 Romanus
2405 1797 2566 1872 poeta

674 1903 720 1960 si
781 1903 1093 1980 quaeritur,
1149 1903 1430 1962 reminisci
1484 1925 1585 1966 nos
1626 1903 1930 1984 oportebit,
1987 1903 2138 1983 quod
2179 1925 2344 1984 supi-a
2385 1925 2443 1984 p.
2487 1903 2566 1962 27

675 2015 903 2074 Horatio
945 2029 1163 2075 auctore
1198 2015 1717 2085 animadvertimus,
1759 2017 1828 2077 iis
1871 2016 2056 2090 libris,
2096 2017 2194 2094 qui
2231 2016 2566 2075 hexametris

673 2128 923 2188 versibus
946 2129 1229 2209 compositi
1252 2129 1479 2188 fuerunt
1495 2173 1509 2198 ,
1549 2127 1876 2210 pependisse
1898 2129 2174 2188 Lucilium
2195 2128 2267 2188 ab
2288 2129 2566 2212 Eupolide

672 2253 725 2297 et
764 2240 888 2298 aliis
928 2242 1168 2300 comicis.
1251 2241 1319 2300 In
1362 2241 1449 2298 his
1488 2262 1618 2321 ergo
1659 2241 1820 2300 libris
1859 2241 1988 2316 illa,
2041 2264 2208 2320 quam
2249 2244 2564 2304 scholiastes

673 2349 859 2423 docet,
900 2350 1083 2410 locum
1114 2351 1317 2412 habuit
1338 2351 1587 2410 tribuum
1621 2354 1870 2412 omnium
1904 2356 2208 2434 triginta
2245 2357 2566 2435 quinque

673 2465 945 2523 laceratio,
1029 2465 1423 2524 Oufentina
1486 2465 1688 2535 tribus,
1751 2468 1910 2543 cujus
1970 2469 2304 2528 mentionem
2357 2470 2566 2528 incerto

674 2579 979 2658 fragmento
1026 2575 1142 2636 187
1184 2576 1475 2657 adscripsit
1510 2578 1713 2650 Dousa,
1755 2579 1976 2638 fortasse
1997 2580 2338 2656 inprimunt
2356 2580 2564 2640 librum

670 2689 960 2749 referenda
1000 2704 1108 2764 est3
1154 2711 1285 2748 nam
1328 2692 1517 2758 Festus
1559 2691 1690 2760 haec
1734 2692 1927 2755 habet:
1973 2717 2001 2748 «
2023 2694 2356 2758 Oufentinae
2385 2693 2564 2755 tribus

672 2803 835 2862 initio
874 2824 1037 2861 causa
1079 2803 1188 2862 fuit
1230 2824 1429 2864 nomen
1473 2805 1724 2863 fluminis
1765 2807 2008 2879 Oufens,
2049 2805 2200 2884 quod
2238 2808 2410 2865 estin
2435 2829 2563 2887 agro

674 2917 991 2974 Privernate
1050 2917 1195 2975 inter
1253 2937 1401 2976 mare
1460 2917 1634 2997 (mare
1675 2918 1836 2976 intra.
1880 2918 2070 2998 Mun.)
2109 2932 2163 2976 et
2206 2920 2563 2978 Tarracinam

666 3026 1025 3111 (Taracinam
1105 3027 1210 3110 Μ.)
1263 3029 1584 3091 Lucretius:
1665 3030 1955 3088 Priverno
2019 3030 2348 3106 Oufentina
2407 3038 2564 3090 vem't

662 3146 966 3220 fluvioque
1010 3141 1303 3217 Oufente»
1346 3141 1445 3200 uhi
1486 3141 1650 3202 facile
1691 3141 1973 3200 absorberi
2005 3150 2200 3219 primo
2247 3144 2426 3223 potuit
2475 3163 2565 3202 se-

676 3269 877 3334 quentc
916 3257 1223 3315 Priverno.
1265 3253 1419 3323 Idem
1461 3254 1686 3326 fortasse
1717 3253 1788 3312 de
1817 3255 2108 3334 Papiria
2136 3253 2288 3314 tribu
2307 3253 2423 3314 dici
2443 3276 2564 3336 pos-

678 3373 765 3439 sit,
808 3368 879 3428 de
920 3391 1029 3446 qua
1072 3369 1135 3427 in
1176 3367 1399 3426 scholiis
1418 3365 1786 3436 Bobiensibus
1803 3367 1882 3424 sic
1901 3379 2005 3424 est:
2051 3366 2441 3426 «Lucilius—
2461 3366 2564 3426 hoc

676 3482 894 3542 dicens:
932 3489 1131 3558 prima
1174 3515 1270 3537 —-.
1292 3504 1323 3534 u
1406 3480 1751 3556 Quamquam
1793 3477 1927 3536 haec
1960 3499 2182 3558 prorsus
2215 3479 2422 3538 incerta
2453 3499 2566 3538 esse

678 3596 861 3672 quivis
903 3593 1063 3652 facile
1105 3591 1415 3654 contendet.
1446 3653 1449 3658 ,
1476 3593 1519 3650 Ρ
1532 3590 1642 3649 ala
1657 3592 1710 3649 ti
1725 3613 1764 3648 n
1779 3611 1852 3649 ae
1894 3610 2024 3649 vero
2066 3603 2273 3652 certum
2313 3589 2567 3650 videmus

678 3709 863 3766 locum
906 3707 1072 3766 fuisse
1107 3706 1173 3770 ,in
1214 3704 1489 3784 trigesimo
1526 3703 1691 3764 libro.

761 3821 829 3878 In
870 3820 1184 3897 quaestione
1224 3817 1295 3876 de
1336 3818 1615 3897 Scipionis
1655 3817 1878 3894 majoris
1917 3817 2030 3876 vita
2069 3837 2104 3874 a
2144 3815 2360 3875 Lucilio
2401 3836 2566 3898 expo·

676 3934 777 3992 sita
830 3933 1135 4012 speciosum
1176 3943 1285 4003 est,
1344 3929 1497 4008 quod
1537 3929 1676 3989 mihi
1719 3950 1894 3988 meam
1935 3929 2263 3988 sententiam
2301 3929 2567 4008 objecisti.

678 4045 819 4102 Nam
860 4041 1011 4121 quod
1033 4089 1047 4112 ‚
1102 4055 1154 4100 te
1196 4041 1489 4121 probante,
1546 4063 1601 4122 p.
1650 4041 1764 4102 185
1803 4041 1998 4115 statui,
2051 4063 2166 4102 non
2207 4062 2320 4100 esse
2359 4043 2568 4102 satirici

677 4161 893 4235 poetae,
934 4155 1074 4234 epici
1118 4168 1297 4234 panes
1336 4155 1640 4234 suscipere,
1683 4167 1735 4212 et
1775 4167 1891 4213 tum
1929 4155 2098 4212 tuitus
2137 4174 2278 4226 sum,
2319 4166 2371 4213 et
2412 4176 2565 4214 nunc

677 4281 843 4325 tueor.
929 4269 1273 4346 Quapropter
1331 4266 1497 4325 fidem
1559 4266 1803 4325 Merulae
1853 4287 1970 4324 non
2020 4264 2336 4326 hahendam
2373 4268 2565 4347 putavi

2921 2638 2972 2903 -..oh-»-
