3075 5392
1295 549 1371 608 15

366 768 581 836 juisse.
623 759 728 816 Ita
758 780 1004 836 prorsus
1020 803 1039 833 ,
1098 758 1282 837 inquit
1322 757 1528 818 Brutus
1547 802 1563 829 ‚
1620 759 1714 818 sed
1755 780 1823 816 ue
1864 758 1931 815 de
1976 758 2273 816 Scaevolae

384 874 610 952 quidem
673 874 982 929 tribunatu
1045 872 1360 948 quidquam
1410 872 1699 928 audiv-isse
1739 871 1933 928 videor
1952 915 1967 940 ,
2026 879 2084 927 et
2143 891 2275 928 eum

386 984 663 1062 collegam
724 980 928 1039 Crassi
985 981 1150 1036 eredo
1172 981 1388 1054 fuisse.
1471 977 1596 1036 Alia
1638 977 1761 1036 aliis
1800 976 2081 1058 placeant3
2138 978 2277 1036 mihi

383 1093 615 1173 quidem
667 1092 922 1152 similiter
979 1111 1013 1149 a
1075 1090 1248 1150 Bruto
1306 1091 1595 1148 audivisse
1652 1087 1862 1148 dictum
1914 1088 2139 1148 videtur
2157 1133 2175 1162 ,
2215 1109 2280 1148 ac

389 1216 722 1269 narravisse
781 1230 814 1266 a
855 1208 1135 1266 Cicerone.
1217 1206 1329 1266 Nec
1369 1225 1504 1266 vero
1542 1203 1693 1284 quod
1734 1205 2149 1264 usitatissimum
2192 1204 2281 1262 Ci-

387 1321 577 1380 ceroni
619 1321 786 1379 fuisse
827 1331 974 1401 patet
1006 1325 1213 1396 pueris
1253 1319 1438 1390 nobis,
1477 1337 1675 1398 parum
1718 1317 1855 1375 mihi
1896 1337 2088 1376 causae
2128 1317 2282 1378 vide·

389 1447 486 1493 tur
527 1453 667 1503 esse,
710 1453 812 1491 cur
851 1429 1000 1490 illud
1041 1427 1425 1510 reponendum
1465 1449 1795 1487 censeamus.

476 1546 754 1604 Postremo
811 1544 1148 1604 vocabulum
1207 1565 1378 1602 sene-v
1434 1542 1506 1602 de
1546 1545 1670 1603 viro
1709 1545 1919 1624 priscae
1958 1545 2149 1603 aetatis
2188 1544 2285 1603 in·-

397 1657 570 1740 :elligi
614 1657 812 1717 debere
848 1655 1111 1736 judicans
1128 1701 1146 1731 ,
1188 1657 1362 1718 mavis
1380 1700 1398 1730 ,
1460 1657 1695 1715 aliorum
1734 1658 2062 1737 scriptorum
2103 1669 2281 1717 aucto·

394 1772 552 1832 ritate
593 1791 725 1830 usus
743 1814 761 1845 ,
821 1769 1060 1829 alienam
1111 1769 1340 1829 Horatio
1405 1768 1557 1832 vocis
1597 1769 2053 1849 significationem
2092 1769 2285 1830 obtru-

401 1882 560 1958 dere,
619 1905 786 1963 quam
823 1903 894 1942 ex
934 1883 1054 1964 ipso
1092 1888 1252 1963 poeta
1295 1880 1484 1944 videre
1504 1926 1522 1954 ,
1576 1878 1715 1960 quid
1747 1880 1944 1962 probet
1962 1925 1978 1954 ,
2029 1879 2167 1960 quid
2209 1903 2288 1942 re-

400 1995 608 2077 pudiet.
692 1997 894 2055 Parum
953 1995 1091 2054 mihi
1153 1993 1380 2074 quidem
1431 2015 1494 2054 ea
1556 1995 1695 2054 ratio
1736 1995 1997 2053 satisfacit
2018 2038 2034 2066 ‚
2095 1995 2287 2056 existi-

403 2109 612 2181 manti,
651 2108 938 2188 interpreti
979 2108 1220 2166 maxime
1259 2105 1571 2168 cavendum
1617 2127 1730 2165 esse
1750 2151 1768 2180 ,
1826 2129 1900 2166 ne
1939 2120 2139 2167 temere
2178 2129 2292 2190 pu-

405 2233 506 2293 tet,
545 2241 684 2299 quae
727 2219 1052 2298 aequalibus
1093 2233 1146 2278 et
1185 2218 1577 2300 posterioribus
1618 2219 1977 2300 scriptoribus
1996 2221 2293 2283 verborum

401 2333 490 2392 vis
531 2333 698 2391 fuerit
715 2377 734 2407 ,
773 2331 965 2392 eadem
1007 2331 1246 2392 valuisse
1287 2353 1351 2390 ea
1391 2334 1555 2390 etiam
1595 2334 1783 2392 ceteris
1824 2334 2099 2394 omnibus,
2126 2319 2297 2396 'Con-2

403 2444 546 2504 sulto
567 2446 795 2504 Horatio
814 2489 831 2518 ,
873 2446 936 2504 in
976 2465 1096 2503 eam
1135 2445 1466 2502 sententiam
1505 2445 1751 2525 perlatus
1791 2469 1941 2522 sum,
1984 2461 2046 2506 ut
2088 2470 2300 2530 negan-

411 2556 550 2616 dum
589 2557 728 2616 mihi
771 2555 1053 2630 videatur,
1095 2575 1282 2614 cenem
1323 2555 1476 2636 apud
1517 2579 1645 2616 eum
1686 2559 1796 2618 nisi
1839 2559 1909 2619 de
1951 2561 2069 2642 ipsa
2110 2583 2305 2623 senec-

407 2685 526 2732 tute
546 2715 564 2745 ,
617 2671 904 2750 juventuti
947 2670 1247 2742 contraria,
1289 2667 1438 2727 dici:
1499 2667 1777 2749 quidquid
1819 2671 2055 2732 Ovidius
2074 2718 2091 2747 ,
2153 2675 2301 2735 Mar·

411 2785 562 2848 tialis
579 2830 597 2860 ,
658 2785 774 2865 ipse
815 2784 1058 2856 Persius,
1118 2802 1283 2860 quem
1337 2803 1494 2862 urges
1514 2825 1530 2852 ,
1584 2782 1694 2843 sibi
1753 2782 1936 2843 dicere
1977 2784 2140 2846 licere
2189 2809 2301 2868 pu-

411 2910 601 2958 tarunt
618 2943 636 2972 ,
701 2895 858 2954 nulla
919 2915 1082 2954 causa
1141 2907 1220 2954 est
1234 2938 1251 2967 ,
1303 2915 1406 2953 cur
1445 2895 1738 2954 Horatium
1799 2895 2006 2957 dixisse
2047 2913 2101 2959 et
2140 2901 2303 2962 intel-

411 3010 610 3070 lexisse
651 3027 968 3067 censeamus
985 3051 1006 3081 ,
1063 3008 1276 3085 quoties
1330 3005 1526 3066 iisdem
1566 3008 1755 3069 verbis
1796 3031 1926 3069 usus
1966 3013 2300 3074 inveniatur.

413 3123 604 3203 Neque
647 3120 939 3180 Albutium
1001 3139 1188 3178 cenem
1239 3118 1336 3177 hic
1387 3139 1680 3198 recoquam
1699 3165 1716 3194 ,
1777 3123 1935 3198 cujus
1976 3145 2007 3181 a
2046 3136 2101 3183 te
2142 3125 2302 3186 nulla

413 3235 624 3294 mentio
663 3245 744 3292 est
783 3233 926 3290 facta
943 3275 962 3306 ,
1001 3251 1178 3310 quum
1217 3230 1338 3290 ficri
1379 3229 1673 3290 debuisset.

427 3404 434 3410 .
501 3345 889 3406 Defensionem
929 3343 1228 3403 sententiae
1267 3364 1420 3403 meae
1471 3342 1544 3402 de
1584 3344 1786 3405 Lucilii
1827 3359 1997 3407 aetate
2037 3349 2302 3422 exhibui,

418 3479 492 3518 ne
531 3458 623 3517 cui
664 3455 904 3516 absurda
944 3454 1248 3534 leviterque
1288 3471 1537 3538 suscepta
1580 3457 1875 3519 videretur.
1937 3462 2088 3536 Jam,
2132 3463 2301 3524 eheu!

419 3571 604 3652 rapior
663 3571 726 3628 in
779 3567 990 3629 medias
1047 3573 1484 3646 conjecturarum
1527 3591 1776 3630 mearum
1816 3573 2023 3634 ruinas.
2104 3577 2307 3658 Despe-

423 3684 528 3742 rati
571 3701 704 3740 sane
744 3681 949 3742 laboris
990 3701 1104 3740 esse
1142 3679 1390 3760 putabis,
1430 3703 1520 3744 eas
1560 3683 1709 3742 velle
1748 3687 2044 3746 restituere.
2126 3689 2309 3770 Equi‘-

419 3790 546 3854 dem
571 3837 586 3864 ,
646 3811 786 3870 quae
824 3789 1110 3872 largienda
1149 3790 1255 3848 tibi
1295 3804 1460 3850 erunt
1476 3835 1494 3864 ,
1557 3790 1794 3874 largiar,
1854 3816 1995 3876 quae
2035 3800 2309 3861 servanda

421 3905 777 3978 existimabo,
818 3902 1050 3964 servabo
1087 3915 1141 3962 et
1179 3903 1559 3984 pmpuguabo.
1602 3907 1802 3966 Parum
1843 3929 2060 3969 necesse
2079 3909 2309 3988 duxisti,

423 4017 573 4100 apud
625 4018 953 4078 Suetonium
1013 4015 1084 4075 de
1135 4015 1218 4075 ill.
1259 4037 1485 4097 gramm.
1527 4037 1576 4076 e.
1624 4017 1652 4076 l
1698 4039 1800 4100 pro
1834 4023 2177 4096 familiaris
2216 4035 2311 4084 sui

423 4133 532 4214 legi
555 4133 975 4214 familian’bus
1017 4137 1137 4190 suis
1153 4173 1172 4205 ,
1213 4127 1365 4208 quod
1394 4151 1450 4210 p.
1485 4129 1593 4202 46,
1637 4130 1743 4188 loci
1782 4133 1948 4192 totius
1978 4135 2189 4196 ratione
2218 4136 2311 4198 ad·

423 4243 654 4319 ductuS,
715 4263 1010 4305 suaseram..
1089 4242 1404 4322 speciosum
1446 4243 1594 4300 enim
1633 4241 1735 4301 tibi
1778 4246 1961 4306 visum
2000 4261 2105 4323 est,
2162 4249 2311 4328 quod
