3075 5392
1678 611 1757 673 20

760 809 1047 879 existimet
1083 819 1419 898 praestitisse
1458 818 1520 878 id
1559 820 1870 880 tabularum
1905 841 2078 900 genus
2121 827 2454 883 accuratione
2493 839 2546 884 et
2589 827 2664 884 il-

771 928 1027 989 lustriore
1084 951 1267 990 rerum
1316 931 1481 990 etiam
1532 931 2024 992 minutissimarum
2073 936 2446 1014 expositione3
2509 938 2661 1014 quod

770 1042 870 1120 qui
910 1041 1147 1102 affirmet
1157 1087 1175 1116 ,
1216 1064 1380 1102 nemo
1417 1043 1558 1102 erit.—
1622 1044 1810 1122 Itaque
1841 1065 1960 1104 eam
1982 1091 1997 1116 ,
2038 1067 2204 1124 quam
2243 1045 2404 1122 dixi,
2443 1048 2663 1106 calami·-

770 1167 975 1225 tatum,
1016 1157 1296 1214 fortunam
1334 1155 1636 1216 secundam
1667 1159 2072 1237 superantium,
2103 1160 2382 1219 notionem
2405 1159 2660 1237 equidem

772 1267 991 1328 subesse
1030 1281 1192 1347 put03
1237 1269 1299 1326 in
1338 1289 1564 1346 eamque
1594 1269 1921 1328 sententiam
1957 1271 2128 1350 magis
2160 1269 2414 1344 inducor,
2433 1291 2662 1351 compa—

774 1379 906 1438 ratis
949 1399 1089 1457 quae
1146 1400 1202 1459 p.
1262 1377 1341 1438 59
1382 1392 1436 1438 et
1480 1377 1596 1438 178
1637 1383 1936 1443 memoravi
1975 1381 2046 1440 de
2085 1381 2314 1457 Alcaeo,
2363 1383 2660 1463 Sapphone

772 1503 825 1548 et
883 1491 1254 1563 Anacreonte,
1308 1489 1405 1567 qui
1460 1489 1672 1569 pariter
1724 1491 2009 1550 volumina
2063 1507 2173 1550 sua.
2217 1487 2488 1550 sodalium
2541 1490 2661 1548 loeo

772 1600 1103 1660 habuerunt.
1187 1600 1415 1660 Alcaeus
1470 1615 1654 1661 autem
1714 1602 1928 1676 exsilii,
1988 1602 2124 1662 belli
2183 1617 2234 1662 et
2295 1607 2660 1686 navigationis
2735 1595 2740 1600 ’

770 1712 945 1786 mala,
1004 1733 1143 1791 quae
1200 1714 1309 1794 ipsi
1365 1713 1705 1784 acciderant,
1779 1715 2120 1774 carminibus
2179 1716 2434 1790 inseruit3
2493 1738 2659 1794 quem

773 1827 1019 1885 imitatus
1086 1826 1332 1885 Lucilius
1391 1847 1487 1886 sua
1546 1827 1880 1898 infortunia,
1942 1828 2347 1906 qualiacunque
2405 1829 2659 1900 fuerunt,

771 1937 926 1996 haud
996 1939 1251 2019 exiguam
1308 1938 1591 1998 scribendi
1647 1942 1951 2014 materiem,
2036 1942 2239 2020 scripto
2293 1941 2654 2020 consignavit.

772 2050 985 2124 Quodsi
1029 2054 1147 2129 jam
1197 2053 1537 2131 quaerimus,
1580 2072 1678 2110 cur
1715 2053 1984 2133 Neapolin
2017 2053 2332 2133 migraverit
2370 2065 2426 2110 et
2461 2073 2658 2110 conse-

768 2165 981 2236 nuerit,
1054 2164 1205 2224 viam
1262 2185 1293 2222 a
1343 2164 1585 2223 Beckero
1635 2164 1962 2244 patefactam
2011 2183 2319 2243 persequar.
2402 2163 2458 2221 Is
2504 2163 2656 2222 enim

770 2289 926 2336 acute
967 2275 1111 2336 vidit
1153 2275 1191 2334 l.
1233 2277 1270 2334 l.
1310 2297 1366 2356 p.
1414 2275 1567 2348 258,
1621 2276 1684 2332 in
1723 2286 1967 2334 extremo
2003 2275 2290 2332 satirarum
2320 2273 2504 2374 xlibro,
2557 2273 2656 2350 qui

775 2388 1082 2468 trigesimus
1118 2400 1227 2461 est,
1268 2388 1526 2464 injectam
1558 2405 1670 2447 esse
1701 2387 1762 2444 C.
1805 2386 1978 2444 Caelii
2001 2383 2210 2464 judicis
2247 2388 2396 2464 eju8‚
2437 2384 2508 2444 de
2544 2406 2656 2463 quo

778 2501 865 2582 egi
926 2521 985 2581 p.
1042 2499 1123 2560 62
1184 2513 1238 2560 et
1282 2502 1437 2578 cujus
1494 2522 1552 2582 p.
1609 2498 1691 2560 67
1748 2499 2014 2559 rationem
2051 2498 2261 2572 habui,
2301 2499 2651 2560 mentionem.

776 2614 964 2686 Quum
1001 2625 1182 2671 autem
1220 2613 1383 2670 etiam
1414 2631 1588 2670 senex
1625 2610 1900 2690 scripsisse
1937 2610 2244 2669 censendus
2283 2611 2354 2670 sit
2390 2609 2486 2692 (cf.
2508 2610 2653 2692 disp.

776 2746 896 2784 mea
934 2747 991 2806 p.
1030 2723 1201 2805 262),
1242 2722 1533 2804 probabile
1571 2735 1682 2796 est,
1723 2742 1847 2780 eum
1885 2733 2110 2801 propter
2139 2721 2307 2780 Caelii
2328 2722 2652 2800 injustitiam

756 2837 915 2897 urbe
970 2837 1187 2896 cessisse
1236 2847 1292 2893 et
1339 2834 1570 2915 Neapoli
1619 2835 1682 2894 in
1739 2855 1866 2892 eum
1917 2834 2161 2892 extrema
2197 2833 2360 2892 satira
2397 2831 2651 2892 iracundi

767 2949 943 3007 animi
980 2949 1099 3009 vim
1138 2945 1407 3006 effudisse.

756 3082 765 3088 ·
852 3059 1059 3134 Vides,
1116 3079 1253 3137 quas
1300 3057 1375 3116 ob
1418 3077 1608 3116 causas
1643 3079 1676 3116 a
1717 3069 1772 3116 te
1811 3053 2246 3116 dissentiendum
2295 3057 2435 3116 mihi
2474 3059 2652 3117 visum

773 3173 863 3230 sit.
947 3173 1129 3245 Quare
1172 3191 1273 3230 nec
1314 3169 1590 3245 concedo,
1627 3167 1779 3248 quod
1814 3168 1920 3228 'tibi
1951 3171 2221 3244 sumsisti,
2271 3171 2456 3229 inanis
2493 3171 2654 3229 molis

761 3285 943 3344 'instar
999 3285 1236 3364 primam
1279 3283 1413 3342 libri
1468 3284 1580 3342 mei
1637 3297 1877 3364 partem,
1920 3285 1956 3358 ᾧ
1997 3287 2093 3346 &ort
2133 3285 2317 3346 πόλλ’
2357 3285 2650 3360 ἐμόγησα,

762 3415 1031 3456 corruere.
1124 3395 1291 3470 Quod
1344 3417 1419 3454 an
1476 3395 1550 3454 de
1605 3396 1796 3454 ceteris
1854 3394 2198 3476 probabilius
2254 3392 2617 3454 affirmaveris
2636 3435 2654 3464 ,

762 3507 1175 3588 dispiciendum
1228 3509 1345 3584 jam
1404 3509 1526 3566 erit.
1617 3507 1744 3565 Non
1799 3525 1981 3564 moror
1999 3549 2018 3580 ,
2069 3509 2194 3584 jure
2243 3524 2316 3564 an
2353 3505 2560 3582 injuria
2596 3524 2653 3584 p.

772 3619 801 3678 1
814 3617 889 3678 14
948 3627 1215 3697 princeps
1272 3621 1335 3676 in
1396 3620 1654 3696 deinceps
1709 3621 2075 3694 mutaverim3
2117 3631 2260 3677 certe
2297 3617 2622 3677 dubitabam
2635 3659 2654 3690 ,

770 3753 845 3790 an
882 3745 1040 3794 vetus
1076 3732 1345 3811 interpres
1385 3752 1572 3811 reapse
1610 3730 1682 3790 de
1720 3732 1921 3790 Lucilii
1962 3731 2114 3812 apud
2151 3733 2426 3791 Romanos
2471 3733 2534 3789 in
2565 3751 2652 3810 ge-

760 3867 901 3934 nere
940 3851 1161 3926 poeseos
1193 3844 1437 3921 jambico
1474 3844 1796 3924 principatu
1827 3845 2138 3924 cogitasset:
2179 3842 2330 3922 quod
2347 3844 2394 3902 si
2414 3841 2656 3916 fecisset,
2755 3839 2762 3847 '

770 3959 963 4017 saltem
1002 3959 1159 4034 apud
1197 3955 1485 4014 Romanos
1522 3954 1814 4015 additurus
1851 3956 2056 4014 fuisset.
2107 3953 2220 4015 Sed
2255 3955 2389 4014 haee
2427 3953 2653 4032 quidem

772 4070 947 4128 flocci.
990 4069 1175 4146 Majus
1212 4067 1359 4126 illud
1398 4079 1479 4126 est
1516 4069 1872 4148 graviusque,
1914 4066 2064 4146 quod
2101 4067 2172 4126 de
2211 4068 2476 4124 auditore
2501 4065 2655 4148 apud

770 4179 1099 4242 Juvenalem
1150 4180 1353 4258 iisque,
1414 4200 1553 4259 quae
1605 4201 1660 4261 p.
1707 4181 1822 4239 145
1861 4201 1976 4258 sqq.
2016 4179 2088 4238 de
2127 4178 2444 4238 recitatione
2481 4179 2653 4237 Luci·-

767 4279 1043 4378 ³lianorm’u
1084 4309 1471 4371 exposueram,
1530 4291 1983 4352 animadvertisti.
2068 4292 2248 4370 Atque
2283 4292 2388 4351 hoc
2425 4287 2650 4370 quidem
