3075 5392
1725 593 1796 656 12

818 801 1074 866 universe
1114 813 1335 862 testatus
1374 812 1451 858 est
1462 842 1481 872 ‚
1532 817 1726 860 verum
1753 797 1862 868 sit,
1905 795 1964 854 in
2004 789 2280 874 plerisque
2319 813 2448 852 cum
2490 787 2698 850 Fannia

815 913 1093 974 Liciniam
1132 911 1486 974 consensisse.
1528 910 1734 970 Contra
1751 907 1928 988 legem
1948 905 2174 967 Didiam
2211 926 2328 965 non
2357 917 2578 968 tantum
2595 923 2700 962 am·

812 1023 1211 1105 plificationem
1230 1023 1477 1084 Fanniae
1517 1020 1632 1080 dici
1672 1041 1853 1102 posse,
1897 1019 2024 1098 quia
2065 1018 2326 1078 universa
2365 1014 2554 1088 Italia,
2593 1034 2698 1072 non

816 1137 933 1196 sola
980 1137 1142 1208 urbs,
1178 1137 1245 1195 ea
1284 1148 1587 1209 teneretur,
1625 1131 1726 1192 sed
1753 1132 1919 1192 etiam
1959 1129 2060 1190 illa
2096 1129 2421 1190 severiorem
2447 1127 2578 1205 jure
2605 1125 2704 1184 ha-

815 1242 1063 1303 bendam
1116 1263 1229 1303 esse
1239 1286 1259 1318 ,
1317 1243 1449 1322 quia
1490 1263 1608 1301 non
1645 1240 1750 1302 soli
1787 1241 1887 1319 qui
1925 1237 2164 1321 prandia
2201 1257 2468 1300 coenasve
2509 1236 2702 1313 majore

818 1369 1007 1418 sumtu
1046 1356 1329 1430 fecissent,
1370 1353 1469 1416 sed
1508 1355 1673 1418 etiam
1711 1352 1812 1432 qui
1843 1350 1918 1412 ad
1945 1373 2036 1414 eas
2075 1350 2301 1418 vocitati
2341 1361 2522 1410 essent
2552 1361 2706 1426 atque

820 1470 1051 1530 omnino
1090 1468 1497 1538 interfuissent,
1537 1466 1734 1548 poenis
1771 1465 1907 1546 legis
1925 1477 2270 1538 tenerentur,
2309 1459 2492 1532 haud,
2517 1460 2708 1534 credo,

822 1579 1145 1662 ambiguum
1163 1592 1257 1640 est.
1299 1580 1477 1644 Miror
1507 1599 1667 1653 vero,
1697 1591 1750 1638 te
1767 1576 2108 1650 existimare,
2147 1574 2463 1638 Duronium
2483 1574 2548 1634 in
2573 1575 2710 1634 Fan·

822 1692 1001 1768 niam,
1045 1691 1345 1751 obsoletam
1382 1691 1588 1772 legem,
1629 1690 1913 1754 invectum
1943 1709 2056 1748 esse
2067 1731 2086 1763 ,
2125 1709 2300 1768 quum
2317 1700 2372 1746 te
2395 1685 2588 1765 judice
2597 1686 2710 1764 jam

823 1804 935 1863 lata
954 1817 1089 1864 esset
1106 1803 1333 1868 tribuno
1352 1803 1451 1863 illo
1472 1801 1719 1876 Licinia,
1735 1821 2033 1879 rursusque
2052 1797 2385 1858 contendere
2402 1811 2458 1858 te
2468 1840 2486 1871 ,
2508 1796 2708 1859 Licini-

824 1937 915 1976 am
931 1959 947 1987 ‚
988 1915 1183 1977 illicite
1204 1915 1501 1996 perlatam,
1529 1912 1796 1973 facillime
1819 1933 1854 1971 a
1884 1911 2114 1972 tribuno
2142 1909 2326 1993 plebis
2347 1909 2596 1990 abmgari
2623 1930 2716 1992 po-

827 2030 1009 2090 tuisse.
1051 2030 1126 2088 At
1146 2049 1275 2090 vero
1292 2028 1571 2088 Liciniam
1587 2045 1879 2105 nunquam
1897 2045 1930 2084 a
1949 2045 2228 2104 quoquam
2245 2022 2562 2102 abrogatam
2579 2039 2717 2094 esse,

828 2141 1303 2208 commentationis
1338 2161 1489 2200 meae
1543 2159 1668 2220 pag.
1709 2135 1789 2198 24
1827 2135 2120 2210 indicavi,
2177 2133 2351 2194 Gellii
2389 2134 2511 2196 loeo
2551 2153 2684 2196 usus
2699 2175 2722 2206 ,

829 2273 941 2330 quo
976 2273 1098 2311 eam
1134 2252 1197 2311 in
1238 2251 1305 2313 iis
1342 2249 1557 2332 legibus
1601 2247 1918 2308 summariis
1953 2259 2245 2318 memorat,
2284 2267 2424 2326 quae
2465 2253 2588 2306 situ
2623 2253 2725 2304 at·-

834 2385 943 2442 que
979 2370 1133 2423 senio
1172 2363 1507 2422 obliteratae
1556 2370 1716 2421 eunt.
1808 2360 1892 2419 De
1925 2357 2096 2418 Didia
2137 2379 2268 2421 vero
2306 2357 2412 2420 hoc
2450 2379 2727 2438 nusquam

834 2474 1105 2535 traditum
1144 2486 1225 2540 est
1236 2496 1254 2549 3
1315 2473 1463 2541 hanc
1505 2473 1676 2554 igitur
1721 2472 1896 2538 solam
1943 2469 2208 2552 abrogare
2252 2472 2434 2552 potuit
2469 2485 2525 2531 et
2559 2470 2732 2532 abi-o·-

836 2588 989 2668 gavit
1025 2588 1326 2653 Duronius.
1408 2589 1591 2663 Quam
1623 2585 1696 2646 ob
1727 2607 1844 2648 rem
1876 2607 1992 2645 non
2023 2605 2246 2648 moveor
2279 2597 2370 2648 tua
2403 2583 2732 2666 disputandi

836 2701 1047 2762 ratione
1066 2745 1085 2775 ‚
1145 2722 1259 2780 quo
1295 2702 1483 2762 minus
1518 2721 1698 2761 meam
1735 2697 1806 2758 de
1845 2698 2094 2758 Liciniae
2144 2697 2284 2756 latae
2325 2709 2564 2778 tempore
2599 2719 2738 2758 sen—

837 2813 1067 2873 tentiam
1084 2827 1328 2887 teneam3
1371 2825 1590 2877 tantum
1627 2831 1852 2878 moveor
1869 2852 1888 2883 ,
1930 2822 1992 2870 ut
2013 2830 2101 2870 me
2122 2831 2326 2876 errasse
2357 2811 2561 2884 fatear,
2579 2809 2739 2889 quod

839 2924 1081 2982 Duronii
1136 2923 1484 2990 tribunatum
1534 2923 1600 2981 in
1649 2943 1699 2982 a.
1739 2919 1861 2982 657
1911 2920 2040 3002 (97)
2079 2921 2281 2992 retuli,
2339 2943 2514 3001 quum
2553 2922 2742 3003 Pighii

843 3036 1155 3096 testimonio
1192 3033 1453 3094 inciderit
1491 3035 1555 3093 in
1594 3054 1643 3092 a.
1684 3032 1806 3092 656
1841 3031 1988 3114 (98).
2083 3033 2294 3094 Verum
2333 3033 2500 3112 hujus
2539 3033 2744 3094 erroris

844 3147 1116 3208 confessio
1146 3159 1455 3228 opportune
1484 3145 1628 3206 alius
1655 3166 1744 3206 me
1775 3145 1974 3206 erroris
1997 3142 2272 3205 admonet.
2331 3146 2474 3206 Nam
2509 3147 2592 3206 M.
2623 3147 2746 3205 An·

848 3261 1033 3320 tonius
1072 3273 1127 3320 et
1164 3261 1228 3320 L.
1270 3260 1532 3333 Flaccus,
1585 3279 1824 3339 quorum
1877 3278 2110 3318 censura
2159 3258 2223 3316 in
2261 3259 2440 3318 Crassi
2477 3257 2748 3319 consula-—

846 3385 965 3434 tum
1017 3395 1067 3432 a.
1105 3371 1225 3432 657
1268 3370 1497 3446 incidit,
1557 3392 1676 3430 non
1713 3383 2015 3450 potuerunt
2052 3369 2230 3451 legem
2265 3369 2491 3432 Didiam
2511 3416 2529 3446 ‚
2581 3393 2741 3432 anno

847 3497 975 3548 ante
1008 3505 1041 3541 a
1082 3484 1334 3550 Duronio
1370 3483 1684 3564 abrogatam
1697 3526 1715 3555 ,
1755 3483 1820 3542 in
1859 3484 2177 3572 memoriam
2217 3496 2272 3544 et
2309 3505 2472 3546 usum
2507 3505 2750 3548 revoca-

847 3615 907 3660 re
928 3637 943 3665 ,
999 3592 1153 3673 quod
1198 3614 1254 3684 p.
1294 3593 1374 3652 26
1413 3595 1718 3675 suspicatus
1751 3615 1918 3663 eram.
2000 3594 2155 3671 Quid
2195 3597 2372 3661 vero?
2433 3598 2482 3656 si
2519 3595 2667 3657 idem
2711 3619 2754 3657 a

850 3705 1227 3787 superioribus
1264 3706 1581 3766 censoribus
1612 3707 1824 3768 factum
1863 3721 2188 3782 statuamus,
2231 3707 2384 3788 quod
2410 3731 2442 3768 a
2472 3708 2755 3792 proximis

852 3838 972 3886 non
1009 3819 1202 3899 potuit.
1286 3819 1405 3878 Nisi
1456 3819 1681 3878 fortasse
1731 3821 1998 3902 suspicari
2039 3835 2310 3902 praestat,
2371 3821 2547 3902 legem
2585 3843 2761 3883 sum-

854 3930 1089 3991 tuariam
1125 3929 1407 4008 quandam
1452 3930 1771 4013 abrogatam
1804 3953 1917 3992 esse
1950 3954 1982 3991 a
2011 3935 2292 4005 Duronio,
2333 3937 2492 4014 cujus
2531 3933 2605 3994 ad
2641 3955 2760 3995 nos

854 4042 1113 4112 memoria
1170 4063 1284 4112 non
1344 4055 1560 4102 servata
1615 4043 1708 4108 sit.
1811 4043 1904 4104 Sic
1959 4043 2185 4124 quidem
2241 4046 2428 4106 omnia
2487 4045 2764 4128 expedita

856 4167 1020 4217 erunt
1036 4199 1056 4228 ‚
1110 4175 1287 4234 neque
1340 4174 1479 4236 opus
1536 4155 1644 4214 erit
1691 4155 1986 4238 confugere
2023 4153 2098 4218 ad
2135 4156 2374 4222 subitam
2415 4156 2572 4218 illam
2609 4179 2770 4218 exo-

854 4267 1109 4340 lementis
1151 4265 1354 4337 Didiae„
1380 4289 1411 4330 a
1454 4267 1778 4329 censoribus
1815 4269 2015 4339 {actam
2049 4270 2518 4332 instaurationem.
2599 4269 2772 4339 Fieri
