3075 5392
1331 558 1410 619 23

424 780 546 852 post
583 765 914 828 ,Iuvenalem
964 764 1188 849 publice
1227 769 1480 828 recitatas
1519 787 1633 828 esse
1673 765 1875 827 Lucilii
1922 767 2113 827 satiras
2164 779 2311 848 pate·

426 894 540 955 ret,
593 899 708 938 rem
749 877 1026 938 illustrare
1072 877 1332 940 conabor.
1425 879 1717 940 Juvenalis
1768 893 1915 939 aetas
1965 881 2027 938 in
2077 881 2313 940 Neronis

425 1003 480 1050 et
519 1012 616 1050 sex
649 991 1028 1072 proximorum
1064 991 1456 1074 imperatorum
1492 1005 1735 1074 tempora
1774 990 1991 1052 incidit.
2052 995 2205 1052 Patet
2242 1013 2314 1052 ex

426 1104 544 1182 ejus
593 1103 757 1162 satira
807 1103 1036 1183 septima
1081 1117 1137 1162 et
1186 1105 1355 1164 Persii
1413 1105 1591 1186 prima
1612 1147 1631 1178 ‚
1680 1111 1869 1185 poetas
1906 1105 2158 1184 aequales
2198 1127 2316 1166 car·

427 1216 580 1275 mina
618 1237 718 1274 sua
752 1213 1023 1274 recitandi
1063 1216 1304 1276 immane
1321 1215 1570 1276 studium
1590 1217 1855 1290 tenuisse,
1896 1217 1975 1276 ita
2006 1230 2067 1276 ut
2088 1219 2315 1278 Martia·

427 1328 498 1388 lis
536 1328 622 1402 X,
663 1327 750 1402 70,
779 1327 961 1388 dicat:

833 1441 1107 1500 Auditur
1144 1450 1260 1500 toto
1299 1461 1460 1520 saepe
1487 1451 1661 1519 pob'ta
1698 1444 1806 1500 die.

431 1557 647 1614 Praeter
675 1554 826 1614 hunc
861 1551 1132 1614 recitandi
1161 1574 1370 1614 morem
1401 1555 1564 1614 etiam
1593 1553 1927 1626 obtinuisse,
1968 1565 2030 1611 ut
2064 1564 2317 1613 veterum

429 1676 718 1750 poetarum
756 1669 1003 1728 carmina
1045 1666 1274 1748 publice
1310 1665 1623 1748 legerentur
1640 1709 1657 1738 ,
1719 1666 1819 1724 etsi
1868 1663 2070 1724 diserte
2118 1685 2321 1746 memo·

431 1791 610 1837 ratmn
653 1799 770 1836 non
808 1776 1134 1858 repererim,
1170 1790 1359 1835 tamen
1388 1774 1855 1837 verisimillimum
1890 1789 2043 1856 puto.
2104 1773 2323 1850 Quidni

431 1891 583 1950 enim
622 1889 842 1948 licuisse
879 1903 1137 1972 putemus
1153 1931 1172 1963 ,
1211 1886 1416 1947 Lucilii
1456 1888 1651 1946 satiras
1687 1901 1743 1946 et
1778 1886 1889 1946 alia
1926 1886 2159 1946 aliorum
2206 1908 2327 1946 car-

435 2004 590 2062 mina
621 2003 850 2062 recitare
880 2002 1116 2062 Neronis
1151 2021 1316 2073 aevo,
1355 2021 1520 2079 quem
1560 2000 1861 2060 Suetonius
1910 2001 1971 2058 in
2014 2000 2129 2059 vita
2164 2021 2213 2058 c.
2240 1999 2321 2060 39

435 2117 627 2191 refeit,
673 2114 819 2174 nihil
856 2115 1163 2196 patientius
1204 2112 1394 2172 tulisse
1432 2132 1603 2192 quam
1644 2110 1940 2171 maledicta
1977 2125 2030 2170 et
2067 2112 2323 2172 convicia

433 2229 754 2302 hominum,
808 2249 986 2307 neque
1033 2228 1095 2286 in
1149 2225 1294 2285 ullos
1344 2224 1640 2298 leniorem,
1698 2245 1863 2304 quam
1920 2226 2018 2303 qui
2065 2245 2123 2283 se
2160 2222 2327 2284 dictis

437 2355 533 2400 aut
573 2339 916 2400 carminibus
955 2339 1298 2398 lacessissent
1318 2383 1334 2412 ,
1374 2338 1660 2397 exstitisse.
1728 2317 1922 2414 ¹Quod
1962 2341 2065 2398 etsi
2103 2361 2220 2400 non
2255 2339 2326 2400 de

443 2453 598 2512 omni
659 2451 894 2512 Neronis
955 2464 1127 2510 aetate
1179 2449 1363 2511 valere
1421 2462 1608 2532 putem
1658 2463 1885 2532 propter
1941 2449 2087 2516 illud
2104 2496 2118 2522 ,
2178 2450 2331 2530 quod

433 2584 492 2646 p.
531 2561 613 2623 87
649 2563 874 2648 monui,
913 2575 1100 2624 tamen
1136 2583 1254 2622 non
1301 2560 1711 2636 dubitabimus,
1754 2564 1895 2641 quin
1930 2564 2209 2644 impunita
2246 2565 2329 2624 fa·

433 2673 614 2736 cultas
651 2688 792 2736 esset
829 2687 1012 2736 vetera
1046 2695 1294 2754 quaeque
1341 2679 1594 2756 poemata
1632 2673 1976 2734 auditoribus
2034 2676 2326 2736 recitandi.

437 2788 722 2848 Incertum
773 2801 884 2862 est,
933 2786 1106 2848 verba
1146 2785 1352 2868 dialogi
1400 2785 1471 2846 de
1519 2787 1831 2846 oratoribus
1862 2809 1911 2846 c.
1942 2787 2048 2848 23:
2116 2813 2145 2845 ιι
2164 2789 2327 2852 vobis

437 2914 730 2962 versantur
771 2912 900 2960 ante
937 2899 1124 2959 oculos
1134 2941 1153 2972 ‚
1211 2899 1311 2978 qui
1359 2898 1641 2958 Lucilium
1685 2920 1788 2980 pro
1839 2901 2071 2960 Horatio
2112 2935 2193 2946 --
2242 2904 2333 2960 le-

433 3023 594 3098 gunt
606 3037 638 3072 »
677 3027 865 3073 utrum
897 3011 971 3072 ad
999 3011 1356 3072 domesticam
1374 3012 1599 3070 remotis
1634 3010 1855 3070 arbitris
1894 3011 2185 3072 lectionem
2199 3058 2216 3087 ,
2254 3035 2331 3074 an

439 3125 514 3186 ad
571 3126 944 3186 recitationem
983 3124 1269 3206 publicam
1307 3125 1623 3206 pertineant
1638 3147 1655 3200 3
1718 3122 1817 3186 sed
1854 3139 2039 3184 auctor
2082 3124 2326 3207 dialogi,

440 3239 768 3320 Vespasiani
807 3250 978 3298 aetate
1015 3237 1116 3297 illa
1151 3236 1426 3312 scribens,
1484 3235 1716 3318 paulum
1755 3237 1905 3296 infra
1942 3237 2235 3296 auditores
2272 3251 2329 3297 et

439 3351 770 3410 audientem
804 3349 1075 3432 populum
1113 3350 1394 3408 communi
1415 3348 1814 3429 significatione
1835 3347 2123 3430 usurpavit
2135 3371 2151 3424 3
2185 3369 2327 3428 quae

438 3462 691 3545 exempla
729 3465 802 3522 ita
839 3482 1033 3544 augere
1071 3475 1124 3521 et
1163 3462 1448 3522 cumulare
1487 3462 1617 3520 licet
1634 3506 1652 3535 ,
1712 3476 1775 3521 ut
1828 3460 1981 3543 apud
2017 3483 2180 3541 quem
2219 3483 2329 3521 au-

441 3575 600 3634 ditor
631 3574 888 3634 lectorem
925 3575 1197 3656 significet
1228 3575 1427 3634 frustra
1463 3575 1803 3654 quaesierim.
1847 3573 2017 3656 Apud
2046 3574 2292 3636 Gellium
2310 3620 2326 3649 ,

443 3687 538 3766 qui
596 3686 744 3746 circa
801 3707 850 3744 a.
895 3685 1013 3745 150
1047 3707 1105 3768 p.
1145 3685 1276 3746 Chr.
1325 3686 1538 3759 floruit,
1601 3685 1843 3767 plurima
1884 3686 2139 3747 indicant
2179 3701 2325 3750 recte

443 3819 531 3859 me
569 3797 820 3858 statuisse
839 3840 856 3871 ,
899 3800 1086 3880 legere
1114 3796 1184 3857 :le
1210 3796 1563 3879 praelegendi
1596 3819 1747 3858 more
1786 3798 2172 3881 accipiendum
2192 3823 2323 3862 esse.

443 3910 586 3970 Nam
623 3911 738 3984 IV,
783 3908 859 3971 17
897 3910 1179 3992 Sulpicius
1217 3910 1559 3992 Apollinaris
1608 3925 1663 3971 et
1718 3913 1907 3972 dicere
1961 3927 2017 3973 et
2055 3917 2236 3994 leyere
2272 3929 2328 3977 et

435 4029 832 4100 pronunciare
883 4021 1076 4082 eodem
1133 4022 1298 4083 modo
1351 4023 1485 4082 dicit
1499 4063 1516 4097 ,
1590 4045 1701 4104 quo
1758 4027 1937 4106 legere
1994 4024 2065 4086 de
2122 4027 2327 4090 Lucilii

445 4135 754 4194 carminum
818 4135 1134 4194 recitatione
1190 4134 1401 4196 dictum
1443 4137 1637 4196 fuerat.
1700 4137 1785 4196 Cf.
1826 4137 2056 4212 XVIII,
2098 4141 2166 4213 5,
2204 4140 2327 4200 2—-

447 4248 500 4304 5.
564 4245 988 4323 xlx,10,12.
1051 4249 1356 4326 vn‚7,3.
1429 4248 1713 4324 1x‚6,·2.
1790 4249 2083 4326 x‚14‚1.
2168 4251 2323 4312 mem
