3075 5392
1352 546 1429 606 39

452 758 627 818 titulis
686 753 1002 814 contendat.
1107 755 1259 814 Tres*
1292 754 1443 812 enim
1504 755 1806 832 antiquitas
1859 753 2082 834 probat,
2145 767 2346 812 ceteros

449 867 848 930 commentitios
886 866 1090 926 habere
1131 865 1448 948 praestabit.
1532 867 1624 926 -Tu
1665 889 1796 926 vero
1836 879 1897 925 ut
1947 867 2116 924 nimis
2153 865 2350 925 credu-

452 982 539 1040 lus
599 981 1069 1060 ortlzoyrapliiam
1106 977 1335 1038 titulum
1389 978 1523 1038 libri
1563 979 1842 1038 Luciliani
1902 978 2206 1062 agnovisti,
2267 981 2346 1038 ita

451 1091 704 1152 inaudita
744 1089 1131 1150 incredulitate
1170 1091 1404 1169 rejecisti
1433 1089 1693 1150 Deorum
1729 1093 2036 1150 concilium
2073 1104 2126 1150 et
2168 1089 2348 1168 Colly-

453 1209 600 1265 ram.
686 1205 968 1265 Assentior
995 1203 1097 1262 tibi
1138 1203 1395 1283 equidem
1409 1249 1423 1274 ,
1468 1203 1636 1264 verba
1659 1203 1932 1262 Lactantii
1972 1204 2050 1262 sic
2079 1202 2350 1283 explicari

457 1340 616 1401 posse
634 1363 652 1392 ,
706 1331 767 1376 ut
824 1330 887 1376 tu
938 1317 1147 1390 mavis,
1198 1315 1271 1376 de
1330 1315 1601 1396 singulari
1659 1314 1794 1374 libri
1831 1315 2000 1396 primi
2039 1315 2160 1374 loco
2179 1360 2196 1389 ,
2251 1314 2352 1374 uhi

453 1431 695 1490 Deorum
735 1429 1036 1490 concilium
1075 1427 1411 1508 descriptum
1448 1428 1620 1486 fuisse
1659 1428 1970 1508 accepimus
1988 1472 2006 1503 ,
2046 1450 2219 1508 quum
2271 1428 2353 1486 si—

454 1544 661 1604 militer
698 1542 897 1603 Velius
934 1542 1156 1622 Longus
1212 1541 1525 1622 scripserit,
1585 1541 1742 1618 apud
1777 1541 2078 1598 Lucilium
2128 1543 2250 1623 legi
2285 1549 2352 1600 in

444 1661 864 1733 praepositione
910 1675 1033 1732 per.
1128 1653 1283 1728 Quin
1332 1653 1634 1711 sententiae
1687 1665 1810 1710 tuae
1861 1653 2048 1714 favere
2087 1652 2314 1713 videtur
2333 1697 2350 1725 ,

454 1766 605 1845 quod
642 1763 1165 1838 animadvertimus,
1207 1765 1590 1837 Lactantium,
1631 1765 1728 1844 qui
1766 1765 2052 1844 aliquoties
2072 1767 2352 1826 Lucilium

457 1878 801 1952 memoravit,
844 1877 959 1936 fere
997 1897 1209 1958 semper
1246 1899 1379 1948 rem,
1422 1875 1493 1936 de
1531 1899 1644 1957 qua
1675 1892 1868 1959 agatur
1888 1878 2042 1961 apud
2060 1880 2358 1954 Lucilium,

458 2011 734 2068 nusquam
784 1987 992 2047 librum
1052 1989 1345 2048 satirarum
1394 2009 1524 2048 cum
1575 1991 1791 2049 numeri
1847 2005 1972 2050 nota
2023 1990 2356 2072 designasse.

461 2103 559 2161 Cff.
600 2100 783 2161 [πεδί.
823 2100 958 2159 Div.
999 2101 1071 2170 V,
1102 2098 1161 2175 9,
1198 2099 1297 2160 20.
1340 2102 1415 2176 V,
1436 2100 1531 2176 14,
1552 2101 1608 2160 3.
1652 2103 1900 2176 VI,5,2.
1939 2103 2121 2177 18,6.
2164 2106 2358 2180 I,22,

464 2212 558 2273 13.
598 2213 760 2290 Epit.
802 2214 881 2272 ad
917 2213 1166 2272 Pentad.
1208 2212 1305 2272 22.
1389 2215 1604 2274 Verum
1640 2215 1790 2274 tituli
1841 2189 2210 2298 suspicionem
2249 2241 2358 2278 no-

459 2324 548 2384 bis
586 2325 763 2385 movit
786 2369 801 2396 ‚
854 2323 1011 2404 quod
1048 2323 1161 2384 duo
1199 2325 1333 2386 alios
1372 2341 1694 2386 memoratos
1735 2329 2162 2390 inveniebamus
2199 2331 2356 2392 haud

460 2437 749 2518 ambiguae
767 2435 899 2518 fidei
913 2481 930 2510 ,
968 2436 1271 2496 Fornieem
1308 2452 1361 2498 et
1384 2439 1718 2518 Collyram;
1759 2463 1870 2521 quo
1909 2443 2096 2502 minus
2135 2443 2358 2504 dubita-⁴

462 2547 662 2617 vimuS,
702 2547 843 2626 quin
862 2545 1121 2606 Deorum
1160 2551 1497 2624 concilium,
1536 2571 1702 2630 quem
1739 2553 1965 2612 titulum
2001 2553 2204 2614 habere
2224 2557 2358 2616 Lac·

460 2661 623 2723 tantii
665 2660 817 2718 locus
860 2682 977 2720 non
1016 2673 1188 2732 vetat,
1245 2662 1469 2721 tertium
1508 2685 1940 2744 agnosceremus.
2023 2666 2189 2741 Quod
2225 2689 2358 2729 vero

460 2784 525 2830 tu
558 2772 820 2851 Collyrae
858 2793 1077 2852 quoque
1124 2774 1377 2856 inscripti
1416 2774 1552 2834 libri
1589 2776 1758 2836 fidem
1807 2779 2022 2838 auferre
2063 2779 2360 2853 studuisti,

462 2886 657 2964 quanti
704 2886 809 2959 sit,
869 2885 1171 2947 videamus.
1252 2888 1574 2948 Memorasti
1612 2889 1912 2951 editionem
1959 2892 2268 2953 Minutiani
2307 2915 2358 2953 a.

470 3002 666 3077 1486,
716 3002 817 3063 ubi
858 3004 1150 3084 scriptum:
1210 3025 1486 3081 compono.
1530 3026 1577 3062 e.
1619 3003 1852 3061 librum.
1893 3005 2099 3062 lucilii.
2145 3004 2364 3064 Sextus

465 3117 720 3176 decimus
757 3118 977 3192 collyra
1012 3117 1377 3174 inscribitur.
1483 3117 1589 3174 His
1646 3131 2026 3197 comparantes
2045 3161 2062 3191 ,
2117 3135 2258 3196 quae
2296 3119 2362 3178 in

466 3228 727 3287 Auctario
768 3227 965 3289 veteris
1003 3227 1466 3300 commentatoris,
1507 3249 1538 3286 a
1577 3227 1628 3288 J.
1664 3229 1908 3306 Cruquio
1947 3227 2102 3303 editi,
2140 3251 2197 3311 p.
2237 3229 2360 3290 689

468 3339 545 3400 ad
581 3341 717 3402 Hor.
756 3338 865 3400 Od.
904 3341 959 3414 1,
981 3339 1093 3414 22,
1132 3341 1275 3398 dum
1312 3361 1500 3398 meam
1538 3351 1710 3399 eante
1746 3341 2010 3422 Lalagen
2049 3355 2236 3402 notata
2275 3344 2362 3402 in-

468 3455 757 3517 venimus:
803 3477 831 3510 «
853 3453 891 3512 i.
918 3475 965 3532 e.
1005 3473 1226 3512 carmen
1264 3453 1326 3511 in
1349 3452 1589 3532 Lalagen
1628 3454 1862 3512 amicam
1876 3497 1894 3528 ,
1935 3456 2052 3533 ejus
2091 3456 2362 3534 composi-

468 3582 589 3628 tum
627 3567 868 3627 nemine.
973 3565 1073 3626 Sic
1110 3578 1165 3624 et
1206 3565 1343 3624 liber
1379 3565 1604 3623 lucilii
1643 3567 1898 3625 decimus
1937 3576 2136 3625 sextus
2179 3566 2362 3647 Colly-

471 3685 547 3740 ra
596 3681 972 3752 inscribitur,
1012 3699 1077 3738 eo
1134 3675 1287 3757 quod
1342 3676 1413 3736 de
1468 3677 1694 3758 Collyra
1743 3677 1919 3737 amica
1969 3699 2068 3737 sua
2125 3681 2362 3760 scriptus

472 3793 587 3852 sit»
630 3804 881 3874 apertum
921 3804 1001 3851 est
1020 3834 1038 3865 ,
1078 3789 1354 3870 quomodo
1374 3831 1391 3864 ,
1432 3787 1828 3850 vocabulorum
1867 3788 2100 3872 syllabis
2135 3789 2332 3854 demtis
2347 3839 2364 3868 ,

473 3901 783 3964 istiusmodi
823 3900 1084 3962 lection-es
1122 3903 1255 3961 oriri
1293 3902 1606 3984 potuerint3
1671 3923 1773 3961 nec
1821 3885 2054 3962 difficile
2084 3906 2204 3983 jam
2257 3907 2364 3967 'erit

475 4016 743 4091 inventu,
784 4013 939 4080 unde
968 4013 1077 4074 alia
1107 4014 1269 4074 lectio
1298 4014 1542 4096 profecta
1565 4015 1663 4074 sit:
1696 3987 1740 4071 ἰι
1759 4035 2031 4096 compono
2059 4037 2132 4075 sc.
2154 4017 2362 4078 librum

474 4129 743 4210 Lalagen3
788 4129 863 4187 ita
903 4127 1046 4188 liber
1084 4127 1210 4187 Sex.
1249 4127 1405 4186 Decii
1448 4127 1672 4210 Collyra
1713 4126 2034 4186 inscribitur
2073 4149 2136 4186 eo
2155 4173 2171 4202 ,
2213 4129 2363 4209 quod

473 4238 543 4298 de
572 4241 807 4322 ⁴Collyra
852 4241 1028 4300 amica.
1068 4241 1301 4320 scriptus
1342 4240 1461 4298 sit.»
1551 4242 1657 4298 Hic
1699 4243 1848 4299 enim
1885 4263 2058 4318 quum
2101 4245 2360 4303 omissum
