3075 5392
1664 606 1705 666 6

751 815 1118 876 monumentis
1147 826 1470 896 spectatam,
1505 815 1776 896 ingressus
1814 833 1936 874 sum
1956 856 1974 887 ‚
2012 831 2177 892 quam
2206 812 2476 893 cognitam
2497 833 2628 893 per·-

749 937 1092 1006 spectamque
1149 923 1350 986 habere
1407 925 1588 1007 cupio.
1668 925 1849 1008 Ipsam
1906 945 1963 985 v.
2002 945 2051 988 c.
2090 924 2405 1006 Gottingam
2446 954 2520 968 --
2561 926 2619 985 in

747 1055 912 1114 quam
959 1035 1235 1096 civitatem
1273 1032 1516 1094 delatum
1556 1034 1783 1095 memini
1822 1035 1993 1116 patris
2028 1033 2298 1094 beneflcio
2344 1054 2433 1094 me
2470 1031 2624 1094 adire

749 1144 1172 1218 Heerexium,
1209 1141 1361 1223 quod
1390 1156 1452 1204 tu
1489 1142 1644 1204 sidus
1673 1143 1934 1225 excepisti
1956 1143 2383 1204 exstinctum—
2402 1143 2619 1204 Gottin-

747 1276 873 1336 gam
923 1257 1094 1338 igitur
1141 1257 1341 1317 visenti
1389 1257 1623 1339 puerulo
1670 1270 1884 1339 gratum
1930 1269 2072 1331 erat,
2124 1277 2157 1316 a
2194 1256 2511 1338 parentibus
2558 1259 2622 1316 in

746 1368 1010 1451 Georgiae
1049 1371 1318 1451 Augustae
1355 1370 1635 1452 speculam
1684 1390 1773 1431 me
1820 1369 2008 1442 educi,
2056 1369 2207 1430 unde
2259 1371 2321 1430 in
2376 1371 2620 1431 vicinam

746 1481 1048 1562 regionem,
1078 1501 1189 1560 qua
1233 1480 1338 1541 late
1376 1481 1623 1562 patebat,
1658 1495 1973 1563 prospectus
2018 1494 2157 1557 erat,
2187 1495 2241 1542 et
2267 1483 2439 1563 ipsius
2468 1482 2623 1542 urbis

745 1588 1012 1650 rationem
1048 1586 1526 1668 conditionemque
1566 1588 1921 1671 contemplari
1957 1588 2173 1650 licebat.
2228 1590 2406 1664 Quam
2436 1611 2619 1650 rerum

748 1699 1002 1759 notitiam
1052 1719 1166 1758 uno
1204 1712 1500 1781 conspectu
1540 1699 1843 1759 consecutis
1882 1699 2081 1780 gratior
2118 1719 2232 1758 esse
2270 1699 2443 1760 multo
2484 1700 2621 1760 solet

745 1801 1118 1884 singulorum,
1173 1823 1314 1882 quae
1371 1803 1522 1864 intus
1560 1803 1765 1878 latent,
1828 1801 2132 1885 adspectus.
2212 1803 2476 1864 Similiter
2522 1802 2619 1862 hio

744 1934 860 1973 non
901 1913 1007 1973 feci
1019 1936 1036 1990 5
1099 1935 1230 1974 nam
1266 1935 1405 1994 quae
1444 1915 1615 1996 magis
1650 1914 1945 1997 patebant,
1984 1929 2301 1999 argumenta
2338 1929 2392 1976 et
2428 1937 2617 1999 perso-

743 2049 943 2089 narum
999 2029 1338 2100 varietatem,
1395 2029 1552 2110 prius
1606 2050 1881 2111 exponere
1938 2051 2107 2110 quam
2144 2030 2397 2090 habitum
2434 2031 2615 2112 operis

742 2137 1068 2220 perplexum
1104 2159 1292 2199 eruere
1330 2139 1499 2200 satius
1540 2139 1850 2203 videbatur.
1909 2143 2033 2216 Quo
2072 2141 2239 2200 simul
2277 2142 2483 2201 factum
2508 2154 2619 2213 est,

744 2260 822 2322 ut,
855 2248 968 2307 illis
1007 2249 1316 2330 patefactis,
1358 2248 1500 2308 lucis
1537 2248 1755 2329 aliquid
1795 2249 1877 2308 his
1910 2248 2277 2310 affunderetur
2293 2250 2617 2331 faciliusque

742 2360 878 2421 haec
917 2373 972 2420 et
1007 2359 1234 2422 brevius
1271 2359 1524 2442 expediri
1562 2374 1802 2443 possent.
1882 2363 1995 2422 Nec
2034 2365 2205 2446 magis
2243 2364 2346 2424 tibi
2385 2386 2613 2427 consen·

743 2472 852 2546 tio,
891 2468 1005 2531 duo
1045 2483 1284 2530 extrema
1321 2471 1528 2552 capita,
1568 2470 1771 2551 quibus
1810 2469 1880 2532 de
1921 2481 2140 2532 satirae
2168 2483 2393 2558 origine
2424 2489 2477 2536 et
2514 2497 2613 2536 sa-

743 2585 870 2638 tira
903 2577 1215 2637 Luciliano
1254 2575 1561 2660 disputavi,
1599 2578 1844 2640 alienum
1860 2579 2043 2640 locum
2062 2601 2343 2663 occupare,
2382 2603 2539 2662 quae,
2557 2597 2612 2645 te

735 2689 958 2770 judice,
992 2689 1315 2771 praeoedere
1355 2709 1575 2750 omnem
1612 2688 2037 2772 disputationem
2075 2689 2407 2753 debuissent.
2487 2694 2613 2754 Pri-

742 2819 898 2860 mum
953 2800 1104 2860 enim
1142 2821 1259 2859 non
1297 2799 1490 2860 satirae
1527 2799 1811 2860 historiam
1848 2799 2189 2860 conscribere
2227 2800 2368 2860 mihi
2407 2821 2615 2882 propo-

744 2911 912 2971 situm
943 2923 1086 2986 erat,
1124 2909 1226 2971 sed
1254 2911 1384 2972 Luc
1397 2930 1585 2970 unm
1604 2908 1895 2978 exhibere,
1936 2909 2119 2971 virum
2132 2911 2220 2969 sui
2240 2911 2497 2992 temporis
2518 2932 2613 2972 ex·

741 3021 1190 3082 cellentissimum
1205 3065 1226 3097 ,
1283 3022 1400 3101 ejus
1451 3021 1623 3082 vitam
1660 3021 1948 3104 attingere,
1986 3024 2105 3101 ejus
2144 3035 2366 3084 aetatem
2406 3023 2617 3084 descri-

741 3133 899 3211 bere,
937 3134 1002 3194 in
1041 3146 1332 3216 conspectu
1365 3155 1571 3216 ponere
1606 3155 1722 3195 non
1761 3133 1940 3195 solum
1975 3155 2103 3196 cum
2130 3136 2335 3216 quibus
2365 3137 2614 3219 aequali-

738 3244 847 3306 bus
883 3245 934 3306 ei
971 3265 1056 3306 res
1096 3257 1232 3306 esset
1249 3289 1268 3320 ‚
1318 3242 1417 3305 sed
1451 3244 1571 3306 vim
1606 3245 1769 3306 etiam
1798 3243 2045 3306 indicare
2078 3258 2134 3306 et
2166 3247 2462 3320 rationem,
2502 3269 2615 3328 qua

742 3361 814 3424 iis
851 3361 1072 3435 restitit,
1111 3361 1216 3422 hoc
1245 3359 1428 3435 volui,
1467 3359 1574 3420 hoc
1610 3360 1694 3442 egi
1710 3403 1728 3433 ‚
1765 3361 1831 3420 in
1868 3360 1973 3421 hoc
2012 3373 2155 3422 totus
2191 3361 2293 3422 fui.
2365 3364 2491 3438 Qua
2520 3365 2615 3427 via

742 3492 1054 3557 progressus
1089 3493 1154 3530 eo
1183 3470 1446 3553 perveni,
1482 3485 1563 3542 ut,
1598 3470 1723 3550 quis
1740 3471 1793 3532 ei
1810 3483 1946 3532 esset
1965 3471 2029 3531 in
2044 3473 2239 3533 satirae
2256 3474 2615 3556 scriptoribus

740 3583 922 3656 locus,
963 3579 1321 3643 ostenderem.
1379 3581 1530 3642 Haec
1569 3581 1711 3642 mihi
1748 3595 1929 3642 mente
1966 3581 2267 3658 finxeram,
2305 3584 2583 3646 Lucilium
2596 3630 2611 3655 ,

742 3694 922 3775 qualis
991 3694 1182 3756 fuisset
1235 3705 1292 3754 et
1345 3705 1585 3774 quantus
1598 3735 1615 3765 ,
1672 3692 2057 3754 illustraturus.
2156 3696 2431 3756 Praeterea
2482 3719 2613 3759 vero

742 3805 1067 3866 sententiam
1105 3801 1362 3884 equidem
1399 3816 1555 3864 tuam
1571 3803 1823 3886 ,probare
1853 3805 2051 3865 iccirco
2092 3826 2207 3866 non
2238 3807 2443 3881 ausim,
2460 3807 2615 3887 quod

741 3932 1081 4002 praepostera
1133 3918 1274 3978 ratio
1315 3916 1416 3978 illa
1463 3915 1712 3991 videtur,
1766 3917 1814 3978 si
1862 3917 2015 3997 quis,
2074 3916 2327 3978 nondum
2382 3920 2613 4001 cognitis

741 4028 1063 4091 hominibus
1074 4073 1092 4104 ‚
1149 4029 1214 4090 in
1270 4049 1361 4104 ea,
1419 4049 1560 4109 quae
1616 4029 1906 4088 effecerunt
1958 4041 2055 4089 aut
2110 4028 2481 4090 condiderunt
2516 4043 2613 4091 aut

741 4162 960 4223 quoquo
995 4139 1160 4203 modo
1197 4155 1504 4224 gesserunt,
1543 4141 1739 4204 furiosi
1776 4141 1952 4204 instar
1988 4142 2200 4207 involet
2218 4186 2235 4211 ,
2276 4165 2449 4224 quum
2482 4166 2612 4207 con·

742 4267 824 4314 tra
883 4250 1045 4335 longo
1095 4264 1366 4334 praestaro
1424 4249 1705 4328 videatur,
1756 4252 1807 4314 si
1840 4251 1968 4334 quis
2004 4272 2127 4314 eam
2152 4251 2419 4314 rationem
2460 4254 2609 4316 ineat
