3075 5392
1254 586 1293 645 7

362 803 439 860 ut,
478 790 539 850 in
582 808 690 869 quo
724 799 1041 869 argumento
1080 805 1300 869 operam
1331 805 1536 869 ponere
1575 783 1844 860 decrevit,
1883 786 2000 863 ejus
2029 804 2218 845 omnes

361 899 663 982 singulatim
691 911 871 980 partes
888 896 1173 980 explorare
1196 896 1426 976 aliisque
1442 894 1727 956 ostendere
1744 893 1986 971 studeat3
2017 895 2220 974 quibus

362 1011 579 1092 cognitis
600 1055 616 1081 ,
666 1030 783 1069 non
832 1007 1011 1068 solum
1060 1008 1347 1089 capientur
1395 1027 1459 1066 ao
1506 1005 1868 1084 tenebuntur,
1909 1007 2224 1087 quicunque

362 1143 467 1182 rem
505 1134 675 1181 totam
708 1120 877 1180 menti
905 1119 1317 1203 proposuerint,
1355 1116 1453 1179 sed
1492 1118 1638 1200 capti
1679 1139 1834 1200 aegre
1865 1118 2226 1195 recusabunt,

362 1234 669 1314 quominuS,
708 1253 846 1312 quae
884 1231 1196 1291 obscuriora
1246 1244 1375 1291 suut
1385 1275 1403 1305 ,
1455 1243 1736 1311 utcunque
1774 1231 1960 1291 animo
1997 1228 2227 1292 divina-

364 1346 501 1406 tione
542 1359 911 1426 assequantur.

438 1455 577 1516 Inde
616 1451 945 1517 ordiendum
1002 1455 1141 1516 mihi
1180 1455 1349 1530 duxi,
1399 1453 1552 1515 unde
1589 1467 1651 1516 tu
1687 1476 1839 1516 orsus
1877 1477 2011 1517 eras.
2093 1459 2232 1519 Pro-

364 1570 569 1628 ximum
608 1583 709 1644 est,
752 1582 842 1643 ut,
880 1589 1017 1648 quae
1048 1581 1107 1628 tu
1146 1569 1385 1651 plurima
1428 1569 1488 1628 in
1524 1568 1672 1629 libro
1711 1590 1832 1629 meo
1869 1570 2231 1631 festinationis

363 1705 423 1744 ae
454 1685 687 1744 levitatis
725 1684 951 1764 vestigia
976 1682 1081 1742 tibi
1110 1683 1387 1745 invenisse
1416 1683 1568 1744 visus
1599 1704 1656 1742 es
1668 1727 1686 1756 ,
1716 1703 1854 1763 quae
1882 1683 2244 1743 Lucilianum·

364 1813 563 1853 morem
598 1792 910 1868 redoleant,
948 1793 1093 1852 lente
1123 1791 1436 1852 festinando
1467 1795 1748 1875 attingam.
1808 1795 1996 1874 Itaque
2027 1814 2236 1877 oppug-

366 1904 502 1964 nasti
538 1905 779 1987 primum
820 1917 1163 1986 argumenta,
1218 1904 1421 1984 quibus
1458 1912 1650 1987 poetae
1687 1907 1857 1967 vitam
1895 1905 2140 1988 protrahi
2173 1906 2237 1966 in

366 2015 581 2097 longius
620 2015 858 2096 spatium
888 2027 1131 2095 oportere
1159 2012 1564 2074 contenderam.
1645 2016 1865 2088 Fateor,
1903 2029 1964 2075 ut
1993 2015 2166 2075 multa
2205 2039 2238 2076 a

366 2148 453 2186 me
492 2125 766 2207 disputata
798 2125 860 2184 in
902 2125 1323 2186 controversiam
1350 2126 1540 2189 vocari
1571 2147 1726 2207 posse
1757 2127 1895 2186 mihi
1915 2149 2238 2209 persuasum

368 2251 511 2312 erat,
554 2237 631 2296 ita
659 2257 730 2295 ne
765 2237 1096 2318 suspicatum
1134 2234 1357 2316 quidem
1394 2257 1505 2296 esse
1520 2281 1537 2310 ‚
1577 2253 1906 2318 quemquam
1945 2239 2240 2301 inventum

370 2349 468 2422 iri,
508 2349 607 2427 qui
644 2345 715 2407 de
749 2357 922 2406 aetate
961 2354 1149 2428 poetae
1192 2347 1522 2430 proferenda
1563 2371 1594 2408 a
1621 2371 1707 2408 me
1725 2349 2050 2427 dissentiret,
2069 2374 2244 2433 quum

371 2461 721 2534 sententiam,
760 2459 862 2520 diu
892 2459 1235 2540 multumque
1264 2461 1449 2520 animo
1476 2463 1758 2544 agitatam,
1787 2477 1987 2525 attente
2019 2485 2246 2526 accura-

374 2585 533 2652 teque
580 2571 1006 2655 perpendissem.
1086 2573 1209 2647 Quo
1270 2573 1441 2654 magis
1481 2572 1723 2633 mirabar
1761 2587 1812 2633 te
1828 2618 1844 2646 ‚
1886 2597 1973 2634 me
2012 2577 2246 2637 refutare

374 2708 710 2769 aggressum,
741 2686 999 2769 Vargis
1036 2685 1363 2760 sententiae,
1394 2685 1491 2766 qui
1516 2687 1846 2769 Hieronymi
1875 2687 2045 2748 fidem
2075 2690 2248 2750 tuitus

374 2804 491 2852 erat
505 2835 521 2863 ,
546 2790 817 2851 calculum
846 2788 1120 2868 adjecisse.
1159 2788 1313 2849 Illud
1330 2811 1460 2851 vero
1478 2811 1537 2848 ea
1569 2791 1629 2850 in
1653 2811 1710 2850 re
1739 2792 1977 2851 maxime
1997 2793 2250 2855 mirabile

376 2905 519 2966 mihi
560 2903 786 2979 accidit,
826 2901 965 2984 quid
1002 2923 1191 2962 causae
1224 2916 1357 2962 esset
1377 2925 1475 2962 cur
1492 2916 1552 2963 tu
1575 2904 1840 2986 integram
1859 2907 2252 2968 thonnn

376 3012 550 3075 fidem
589 3035 703 3074 esse
744 3029 1069 3074 asseverares
1080 3058 1098 3088 ‚
1137 3033 1365 3092 eamque
1402 3027 1515 3074 tam
1556 3013 1806 3074 stabilem
1826 3014 2104 3095 judicares
2122 3037 2254 3094 esse,

379 3138 447 3185 ut
463 3169 483 3200 ‚
522 3124 631 3184 nisi
684 3122 979 3182 certissimo
1028 3123 1369 3202 antiquitatis
1407 3125 1718 3184 testimonio
1758 3146 1910 3185 secus
1962 3124 2101 3206 quid
2138 3149 2256 3188 esse

378 3249 679 3308 constaret,
738 3248 879 3294 stare
936 3247 999 3294 tu
1037 3235 1101 3294 ea
1132 3234 1370 3314 juberes.
1451 3238 1633 3312 Quare
1669 3259 1860 3318 operae
1899 3241 2135 3320 pretium
2177 3255 2256 3302 est

378 3347 575 3414 videre
594 3392 613 3423 ,
652 3369 725 3408 an
766 3346 872 3406 tibi
902 3346 1275 3406 auctoritatem
1312 3349 1429 3427 ejus
1468 3345 1746 3408 mordicus
1778 3351 1984 3410 tenenti
2023 3353 2258 3412 assenti-

379 3460 596 3522 endum
654 3461 743 3521 sit.
822 3456 1095 3538 Equidem
1168 3480 1285 3518 non
1342 3472 1513 3519 totum
1587 3461 1704 3538 ejus
1764 3461 2065 3524 chronicon
2125 3463 2257 3526 data

382 3577 555 3659 opera
586 3572 839 3657 pei-volvi
870 3607 951 3618 —
990 3571 1141 3652 quod
1172 3586 1236 3632 ut
1264 3571 1365 3632 alii
1398 3573 1690 3634 instituant
1721 3573 1882 3634 valde
1909 3576 2150 3658 optabile
2179 3613 2262 3626 --

382 3687 488 3750 sed
528 3687 771 3768 insignes
808 3683 1074 3765 quosdam
1114 3703 1318 3744 errores
1347 3686 1533 3746 notavi
1546 3729 1564 3760 ‚
1607 3706 1840 3764 quorum
1861 3689 2262 3769 comparatione

382 3801 747 3864 manifestum
784 3797 960 3860 cuivis
996 3797 1113 3856 fore
1148 3793 1397 3870 confido,
1432 3793 1586 3854 haud
1617 3796 1710 3855 ita⁴
1731 3807 1930 3856 temere
1967 3798 2142 3859 facere
2171 3800 2264 3863 vi-

386 3913 543 3989 deri,
584 3911 711 3993 qui,
749 3910 865 3969 suis
900 3906 1209 3967 rationibus
1248 3904 1517 3966 adductus
1535 3950 1552 3978 ,
1593 3907 1712 3986 ejus
1741 3911 2046 3989 suspectam
2065 3909 2268 3972 habere

384 4026 566 4089 fidem
602 4025 759 4086 ausit.
820 4020 985 4098 Quod
1022 4021 1070 4080 si
1112 4017 1441 4102 probavero,
1478 4041 1620 4100 quae
1651 4033 1712 4080 tu
1740 4033 1928 4082 contra
1961 4043 2049 4083 me
2077 4021 2266 4107 dispu-

386 4141 551 4211 tasti,
591 4159 728 4198 num
765 4135 1016 4206 valeant,
1055 4122 1371 4215 explorabo.

477 4252 817 4326 Meministi',
856 4266 943 4310 me
966 4250 1081 4328 jam
1130 4245 1519 4334 disputationis
1547 4264 1696 4305 meae
1731 4264 1790 4325 p.
1827 4243 1902 4306 10
1941 4247 2269 4331 Hieronymi
