3075 5392
1685 569 1755 628 16

777 773 963 834 verbis
1001 780 1065 832 in
1109 794 1320 854 maqna
1347 772 1709 851 frequentia
1745 769 2074 852 respondere
2094 769 2510 846 familiaribus
2540 776 2660 828 mic

777 884 1084 945 censebam.
1165 884 1337 964 Cujus
1393 884 1693 944 sententiae
1743 882 2273 965 inopportunitatem
2312 881 2391 940 sic
2425 881 2661 964 probare

772 1008 1004 1056 conatus
1061 1017 1147 1070 es,
1203 1008 1263 1056 ut
1320 995 1748 1058 familiaritatem
1804 994 1961 1054 illam
1988 1037 2007 1068 ,
2084 1015 2225 1073 quae
2284 993 2553 1054 Archelao
2606 1007 2662 1054 et

773 1108 1092 1170 Philocomo
1147 1129 1275 1168 cum
1333 1109 1551 1169 Lucilio
1588 1109 1807 1182 fuisset,
1846 1129 2067 1168 causam
2106 1109 2364 1183 haberes,
2418 1130 2520 1170 cur
2560 1109 2661 1170 hu·

768 1221 862 1299 jus
905 1227 1096 1302 poetae
1155 1242 1320 1303 opera
1356 1221 1444 1280 illi
1481 1221 1606 1302 pari
1644 1219 1831 1281 studio
1849 1265 1869 1294 ,
1927 1242 2036 1300 quo
2074 1221 2315 1284 aliorum
2354 1222 2483 1298 alii,
2540 1241 2660 1281 ver·

774 1346 956 1394 sarent
993 1347 1050 1394 et
1085 1332 1452 1414 divulgarent.
1536 1331 1705 1408 Quod
1742 1355 1855 1413 quo
1888 1335 2235 1396 manifestius
2265 1349 2403 1396 esset
2418 1379 2433 1406 ,
2476 1337 2663 1396 afferre

774 1446 880 1506 tibi
919 1446 1196 1526 superiora
1233 1445 1444 1527 placuit
1463 1487 1481 1516 ,
1522 1445 1622 1505 uhi
1660 1445 1954 1507 Suetonius
1992 1449 2235 1508 carmina
2262 1492 2280 1522 ,
2319 1470 2518 1530 parum
2556 1448 2665 1508 ad·-

774 1557 886 1618 huc
925 1557 1239 1640 divulgata,
1279 1557 1370 1620 vel
1401 1555 1795 1620 defunctorum
1832 1561 2133 1621 amicorum
2150 1604 2171 1636 ,
2211 1559 2302 1623 vel
2340 1562 2387 1622 si
2426 1583 2664 1641 quorum

776 1672 1010 1732 aliorum
1047 1670 1404 1753 probassent,
1457 1669 1783 1752 diligentius
1822 1685 2105 1732 retractata
2144 1693 2207 1732 ac
2248 1673 2481 1754 legendo
2518 1695 2663 1733 com·

775 1783 1184 1862 mentandoque
1241 1784 1404 1843 etiam
1460 1785 1653 1845 ceteris
1692 1797 1821 1844 nota
1860 1785 2007 1845 facta
2043 1807 2077 1846 a
2113 1787 2377 1846 Romanis
2414 1785 2661 1846 tradidit.

775 1899 991 1972 Quaero
1011 1939 1028 1969 ,
1066 1916 1242 1974 quum
1262 1939 1278 1966 ‚
1317 1895 1561 1976 primum
1599 1903 1917 1954 amicorum
1956 1896 2162 1958 deinde
2212 1899 2463 1958 aliorum
2502 1919 2665 1958 men·-

774 2011 926 2069 tione
963 2009 1194 2090 injectA,
1233 2007 1504 2088 exemplis
1527 2021 1767 2068 utentem
1787 2009 2113 2070 Suetonium
2131 2009 2439 2086 videamus,
2476 2022 2663 2072 utrum

774 2123 946 2204 magis
1002 2121 1324 2190 conveniat,
1379 2133 1441 2180 ut
1490 2141 1627 2200 quos
1665 2123 1874 2202 primos
1912 2121 2151 2203 exempli
2191 2124 2353 2181 causa
2390 2123 2663 2204 posuerit,

774 2255 848 2294 an
898 2255 1034 2313 quos
1079 2247 1410 2314 postremoS,
1471 2233 1530 2291 in
1576 2233 1767 2292 amicis
1817 2239 2007 2313 poetae
2048 2253 2399 2295 numeremus
2415 2257 2433 2311 ;
2494 2234 2663 2316 primi

775 2358 955 2404 autem
998 2356 1130 2404 sunt
1166 2341 1469 2424 Lampadio
1507 2355 1564 2402 et
1605 2344 1978 2424 Varguntcjus
2000 2387 2015 2416 ,
2066 2347 2324 2425 postremi
2360 2347 2664 2408 Archelaus

769 2469 828 2516 ‘et
864 2456 1231 2516 PhilocomuS.
1313 2455 1430 2514 Hos
1488 2454 1655 2534 igitur
1700 2454 1747 2512 si
1778 2455 1905 2531 jure
1943 2454 2241 2514 amicorum
2281 2477 2511 2516 numero
2548 2455 2666 2518 exi·

771 2571 978 2632 mimus
988 2614 1004 2642 ,
1042 2590 1142 2628 cur
1163 2571 1506 2646 familiaris
1544 2567 1613 2626 iis
1652 2566 1833 2626 dictus
1868 2569 1941 2628 sit
1979 2567 2259 2640 Lucilius,
2303 2589 2421 2627 non
2460 2566 2655 2629 video:

774 2683 864 2742 sin
901 2683 964 2741 in
999 2681 1188 2741 amicis
1225 2679 1510 2762 ponendi,
1551 2680 1755 2740 mirum
1794 2701 1894 2740 cur
1933 2681 2196 2740 Suetonio
2215 2725 2233 2754 ,
2274 2680 2473 2742 omissa
2516 2682 2666 2741 ami-

776 2797 939 2856 citiae
1007 2795 1314 2864 mentione,
1393 2815 1534 2873 quae
1587 2792 1953 2874 Lampadioni
2012 2806 2065 2853 et
2122 2794 2463 2875 Varguntejo
2534 2813 2660 2853 cum

773 2905 1130 2988 scriptoribus
1147 2949 1166 2980 ,
1225 2925 1361 2986 quos
1414 2904 1727 2986 explicuere
1745 2946 1764 2979 ,
1822 2905 2185 2966 intercessisse
2234 2903 2485 2986 putanda
2555 2905 2626 2965 sit
2644 2947 2665 2977 ,

771 3040 1070 3082 memorare
1106 3017 1532 3078 familiaritatem
1570 3016 1799 3078 libuerit
1814 3060 1835 3091 ‚
1872 3038 2012 3096 quae
2048 3031 2349 3098 postremos
2387 3039 2513 3078 cum
2554 3017 2663 3078 Lu·

773 3133 906 3194 cilio
943 3130 1348 3212 conjungebat3
1406 3128 1665 3204 tandem,
1704 3127 1981 3209 quomodo
2013 3129 2260 3190 libertini
2297 3129 2384 3192 illi
2424 3130 2669 3194 familia·-

771 3267 857 3308 res
898 3266 1011 3306 esse
1048 3245 1327 3327 potuerint
1367 3242 1585 3304 Lucilio
1624 3264 1655 3302 e
1712 3242 1891 3303 nobili
1932 3263 2128 3324 genere
2172 3255 2307 3303 orto.
2389 3244 2670 3304 Praeterea

773 3360 911 3420 scire
949 3359 1170 3440 cupiam
1184 3401 1200 3427 ‚
1254 3377 1354 3417 cur
1400 3356 1723 3436 Pompejum
1761 3355 2038 3416 Lenaeum
2085 3368 2138 3415 et
2177 3355 2466 3417 Valerium
2502 3355 2671 3416 Cato-

773 3493 903 3532 nem
940 3492 970 3530 e
1008 3489 1207 3550 magno
1235 3466 1549 3528 auditorum
1588 3487 1819 3526 numero
1866 3467 2011 3526 solos
2052 3468 2430 3529 memoraverit
2470 3468 2671 3528 Sueto-

775 3585 934 3654 nius,
993 3602 1094 3642 cur
1130 3580 1193 3641 hi
1229 3578 1490 3638 dicantur
1538 3577 1743 3638 Lucilii
1794 3579 1985 3640 satiras
2025 3581 2230 3662 legione
2270 3578 2424 3662 apud
2462 3581 2669 3662 magis-

775 3710 886 3758 tros
905 3741 923 3769 ,
961 3714 1135 3774 quum
1185 3691 1430 3774 magistri
1468 3689 1635 3752 modo
1673 3689 1809 3751 dicti
1846 3705 2026 3752 essent
2063 3693 2172 3774 ipsi
2210 3695 2413 3776 legion
2450 3705 2503 3753 et
2537 3706 2671 3782 nota

774 3809 964 3870 fecisse
1001 3807 1190 3868 ceteris
1227 3817 1281 3864 et
1317 3805 1711 3886 pronunciasse
1751 3805 1815 3864 in
1852 3825 2055 3886 magna
2090 3804 2419 3884 frequentia.
2488 3805 2671 3884 Equi-

774 3921 940 3998 dem,
981 3919 1090 3982 nisi
1129 3939 1216 3979 me
1254 3917 1466 3998 vertigo
1503 3918 1688 3998 cepit,
1744 3928 1929 3998 patere
1967 3915 2101 3978 haec
2152 3919 2369 3992 omnia,
2408 3917 2457 3978 si
2492 3937 2673 3978 corre·

773 4035 921 4096 xeris
939 4032 1355 4112 samaim-ibus
1392 4036 1545 4104 mie,
1604 4049 1826 4100 censeo,
1880 4027 2158 4109 laudeque
2195 4030 2524 4092 Suetonium
2573 4051 2673 4092 ao·-

773 4161 1026 4208 curatum
1060 4145 1408 4226 scriptorem,
1447 4142 1547 4222 qui
1582 4163 1759 4222 quum
1794 4150 2004 4204 cerev-ie
2040 4140 2306 4217 dixisset,
2346 4141 2447 4203 hos
2475 4143 2673 4226 bipar-

771 4261 874 4322 tito
900 4256 1094 4324 divisit
1105 4301 1128 4332 „
1147 4257 1210 4316 in
1233 4258 1458 4336 publico
1484 4253 1773 4318 audientes
1804 4267 1857 4314 et
1880 4261 2167 4336 privatim
2187 4253 2440 4336 legentes.
2502 4252 2639 4318 Vidi
2652 4299 2671 4332 ‚

3056 2761 3074 3136 —ss-——dffi
3066 2600 3075 2754 m*—
3074 2420 3075 2423 „
