3075 5392
40 2743 62 2786 x·

1403 574 1482 631 35

495 781 794 842 Lucilium.
853 781 938 840 cf.
981 779 1125 860 disp.
1165 800 1286 838 mea
1323 801 1379 860 p.
1419 779 1527 854 90,
1578 780 1726 850 170,
1778 781 1908 841 180.
1995 783 2132 842 Nam
2174 783 2219 840 si
2259 784 2384 860 quis

495 917 583 954 eas
641 893 846 954 Lucilii
905 891 1316 952 emendationes
1375 905 1428 950 et
1491 907 1739 952 accurate
1799 892 2275 953 animadvertisset
2332 907 2382 952 et

497 1029 666 1088 prope
725 1007 986 1065 memoria
1037 1004 1324 1086 obsignata
1380 1004 1606 1064 baberet
1626 1049 1641 1077 ‚
1703 1006 1864 1064 facile
1906 1008 1951 1064 is
1992 1008 2389 1086 incompositae

495 1119 756 1179 orationis
794 1118 931 1180 vitia
959 1117 1216 1178 invenire
1255 1129 1310 1175 et
1339 1117 1477 1176 scire
1515 1117 1624 1177 sibi
1664 1117 1987 1192 videbatur}
2033 1119 2197 1178 facile
2236 1118 2387 1178 idem

495 1234 682 1292 effa-re
719 1231 1078 1312 compositam
1113 1251 1170 1289 se
1207 1250 1364 1311 posse
1405 1229 1789 1290 arbitrabatur.
1846 1232 1999 1290 Patet
2030 1232 2213 1312 igitur,
2258 1233 2388 1292 haec

495 1345 699 1404 eximie
724 1341 994 1423 quadrare
1017 1387 1032 1412 ,
1075 1363 1180 1401 nec
1216 1340 1382 1400 credo
1421 1363 1561 1422 opus
1600 1363 1742 1414 esse,
1786 1355 1844 1402 ut
1882 1356 2063 1402 tecum
2096 1345 2387 1402 Fornicem

499 1457 702 1516 Lucilii
739 1469 795 1517 et
831 1455 1122 1537 Pomponii
1146 1455 1425 1536 Marsyam
1465 1454 1536 1512 ab
1576 1455 1825 1514 Arnobio
1864 1470 2185 1516 memoratos
2225 1471 2390 1536 pute-

499 1590 622 1629 mus
641 1589 756 1629 esse
775 1581 1001 1650 propter
1035 1567 1259 1648 linguae
1279 1587 1570 1646 rerumque
1591 1569 1964 1648 expositarum
1985 1567 2387 1628 obscuritatem.

501 1685 640 1742 Nam
698 1681 850 1761 quod
909 1682 1192 1763 Marsyam
1231 1680 1575 1739 Atellanam
1597 1682 1877 1756 fabulam
1929 1682 2098 1742 fuisse
2156 1695 2393 1740 couten-

501 1794 588 1854 dis
603 1840 618 1866 ‚
660 1795 900 1854 nimium
937 1793 1162 1852 fortasse
1197 1807 1313 1868 est3
1375 1795 1585 1874 quippe
1621 1807 1835 1875 praeter
1872 1795 2026 1854 hunc
2066 1817 2245 1854 unum
2284 1797 2393 1853 Ar-

502 1909 658 1969 nobii
698 1908 882 1968 locum
921 1907 1112 1966 nullus
1150 1905 1335 1966 adhuc
1385 1907 1448 1965 in
1497 1907 1740 1986 antiquis
1782 1905 1942 1966 libris
1979 1908 2245 1978 inventus
2283 1921 2393 1978 est,

499 2022 598 2100 qui
635 2041 736 2081 nos
777 2020 974 2080 docere
1011 2020 1180 2101 possit
1217 2033 1312 2078 aut
1349 2021 1506 2097 cujus
1550 2021 1839 2100 Pomponii
1890 2041 2027 2100 opus
2064 2022 2137 2080 sit
2175 2020 2393 2106 haben7

502 2133 655 2209 dum,
675 2155 802 2193 cum
823 2135 1006 2214 plures
1027 2145 1396 2192 memorentur
1415 2131 1569 2212 apud
1589 2131 1679 2190 W
1668 2154 1697 2189 e
1712 2134 1736 2190 l
1744 2133 1823 2190 ek
1841 2153 1932 2204 er,
1960 2133 2187 2190 Gaiae-h.
2220 2133 2390 2214 Trag.

499 2269 556 2329 p.
600 2245 758 2307 1440
798 2267 915 2326 sqq.
957 2259 1010 2305 et
1049 2245 1120 2303 M
1123 2246 1270 2304 ank
1313 2246 1382 2302 de
1411 2245 1573 2321 sabb.
1615 2243 1796 2302 Atell.
1836 2265 1892 2324 p.
1924 2243 2033 2313 94,
2075 2258 2171 2304 aut
2225 2244 2389 2325 quale

497 2381 638 2441 opus
679 2359 861 2418 fuerit.
946 2358 1088 2418 Nolo
1127 2371 1308 2417 tamen
1348 2358 1442 2416 hic
1482 2358 1730 2428 reticere,
1792 2358 2003 2416 etiamsi
2045 2359 2233 2417 ceteris
2275 2381 2389 2418 nou

498 2474 791 2555 probetur,
830 2469 972 2552 quid
995 2470 1338 2548 conjecerim.
1403 2470 1619 2530 Persius
1656 2469 1837 2541 enim,
1878 2483 2167 2549 postquam
2200 2471 2311 2529 Sat.
2334 2471 2391 2539 1⁴,

505 2586 620 2646 114
679 2607 796 2665 sqq.
849 2583 1050 2645 Lucilii
1099 2595 1153 2642 et
1210 2581 1424 2641 Horatii
1481 2580 1765 2641 scribendi
1825 2581 2137 2640 libertatem
2182 2584 2390 2662 attigit,

498 2701 744 2780 quaerit:

580 2814 728 2872 Men’
741 2819 962 2870 ntulire
981 2815 1168 2887 nefas,
1193 2832 1292 2869 nee
1312 2811 1480 2883 clam,
1501 2831 1602 2867 nec
1620 2831 1754 2868 cum
1774 2809 1986 2867 scrobe?
2003 2807 2387 2887 «Nusquam»

580 2927 698 2985 Ηῖι·
737 2936 934 2985 tamen
972 2924 1298 3000 infodiam:
1355 2925 1540 2996 vidi,
1583 2924 1744 2981 vidi
1784 2930 1960 3000 ipse,
2006 2923 2289 2992 libelle,-

583 3039 997 3098 Aurieulas
1035 3043 1239 3095 acini
1281 3043 1445 3114 quis
1485 3058 1619 3095 non
1661 3037 1919 3094 habet?
1960 3069 2040 3081 --

501 3149 592 3210 Ad
631 3152 782 3210 hunc
825 3150 1008 3209 locum
1047 3148 1219 3209 schol.
1255 3146 1434 3232 (apud
1470 3148 1620 3208 Jahn
1662 3169 1717 3229 p.
1756 3147 1933 3228 275):
1990 3146 2231 3207 «Midae
2270 3148 2390 3206 his·-

501 3261 694 3320 tor-iam
734 3260 940 3340 tangit,
999 3279 1140 3337 quae
1179 3257 1304 3316 talis
1342 3270 1450 3316 est:
1502 3255 1663 3315 Mida
1702 3277 1802 3314 rex
1841 3255 2055 3337 Lydiae
2092 3257 2230 3328 fuit,
2290 3277 2391 3316 co-

500 3373 686 3453 gnitor
733 3370 1016 3432 adhibitus
1061 3393 1095 3430 a
1131 3371 1356 3452 Marsya
1406 3383 1460 3429 et
1497 3368 1757 3450 Apolline
1796 3368 2207 3428 decertantibus
2244 3369 2389 3428 inter

497 3505 554 3544 se
571 3529 590 3558 ‚
648 3503 882 3563 quorum
922 3480 1112 3542 audita
1149 3482 1427 3543 cantilena
1466 3482 1778 3562 praeposuit
1827 3481 2125 3562 Mausyam.
2209 3481 2387 3539 Iratus

501 3594 700 3677 Apollo
738 3593 1024 3656 damnavit
1063 3596 1180 3673 ejus
1220 3593 1510 3654 stultitiam
1548 3594 1778 3654 auribus
1817 3595 2052 3654 asininis
2061 3638 2079 3667 ,
2139 3615 2275 3673 quas
2312 3593 2387 3652 ab

499 3708 751 3767 omnium
785 3720 1010 3788 aspectu
1051 3725 1252 3765 corona
1285 3705 1543 3786 imposita
1580 3705 1925 3787 prohibebat.
2006 3707 2157 3766 Dum
2196 3703 2389 3766 tonde.-

494 3817 650 3878 'retur
687 3830 872 3878 autem
909 3839 940 3876 a
984 3837 1084 3876 suo
1122 3817 1321 3900 liberto
1360 3831 1609 3892 tonsore,
1645 3829 1895 3877 metuens
1931 3817 2037 3877 hoc
2078 3817 2149 3877 ab
2190 3840 2253 3878 eo
2295 3817 2390 3884 di·-

497 3931 750 4012 vulgari,
810 3931 862 3990 ei
901 3951 1138 4011 poenam
1175 3930 1454 4011 imposuit.
1540 3930 1683 3988 Cum
1718 3929 2003 3989 silentium
2040 3951 2256 4009 quoque
2294 3932 2393 3989 in-

499 4057 582 4102 tra
631 4065 688 4102 se
736 4031 1019 4104 continere
1070 4064 1189 4101 non
1235 4056 1442 4123 posset,
1497 4042 1745 4103 scrobem
1803 4043 1933 4102 fecit
1972 4055 2027 4101 et
2071 4043 2146 4101 ita
2164 4087 2179 4114 ,
2240 4043 2393 4122 quod

500 4153 744 4228 viderat,
785 4155 936 4213 intus
973 4155 1240 4215 narravit.
1274 4179 1394 4210 ——-»
1479 4155 1673 4214 Exstat
1716 4168 1899 4213 autem
1940 4152 2093 4236 apud
2129 4177 2395 4236 gramma-

493 4267 633 4326 ‘ticos
693 4267 823 4327 libri
874 4267 1109 4337 mentio,
1171 4285 1334 4344 quem
1394 4268 1729 4347 Pomponius
1778 4265 2067 4326 Secundus
2120 4269 2263 4327 misit
2324 4267 2395 4344 ad
